4590 5858
461 686 530 741 toa

457 849 550 923 riori
574 866 643 920 etc.
671 850 838 921 surculos
864 847 1053 945 prospicit.
1128 849 1291 923 Interior
1321 846 1401 942 ejus
1434 845 1573 922 fabrica
1608 848 1665 920 illi
1697 849 1839 947 ganglii
1865 853 2083 947 superioris,

455 986 608 1058 mutatis
634 1001 778 1056 tantum
804 1008 898 1078 quae
923 1011 992 1080 pro
1019 986 1094 1058 situ
1117 1004 1158 1057 ct
1182 984 1304 1058 forma
1329 985 1504 1057 mutanda
1530 1001 1625 1070 sunt,
1656 985 1763 1078 plane
1789 988 2006 1080 respondet.

609 1120 834 1216 Ganglion
868 1122 1103 1193 cervicale
1134 1120 1352 1206 inferius,
1392 1119 1534 1193 formae
1568 1136 1696 1189 ovatae
1730 1136 1795 1189 aut
1828 1123 2081 1220 triangularis,

457 1278 542 1329 raro
567 1256 776 1351 geminum,
808 1254 854 1326 ad
885 1255 1046 1326 radicem
1081 1279 1271 1351 processus
1304 1255 1500 1331 transversi
1533 1256 1712 1350 septimae
1725 1256 1940 1333 ,vertebrae
1973 1260 2082 1349 colli,

457 1412 541 1460 raro
566 1390 737 1484 paullum
762 1413 884 1486 supra,
910 1391 1134 1473 collocatum
1161 1415 1237 1477 esse
1262 1391 1374 1481 solet3
1408 1408 1571 1461 attamen
1604 1414 1691 1460 cum
1718 1391 1868 1486 ganglia
1892 1392 2082 1465 thoracico

457 1525 582 1619 primo
604 1525 799 1613 coalitum,
825 1524 925 1618 quod
951 1523 1053 1596 haud
1078 1548 1160 1597 raro
1187 1522 1329 1625 accidit,
1356 1523 1401 1594 ad
1428 1523 1570 1619 primae
1596 1542 1715 1595 costae
1731 1525 2081 1619 capitulumsedem

457 1677 599 1732 servat,
640 1658 794 1730 Radices
820 1659 997 1754 impetrat
1023 1686 1042 1731 a
1068 1676 1211 1757 quarto,
1237 1656 1369 1753 quinto
1395 1677 1437 1731 et
1460 1677 1577 1747 sexto,
1598 1659 1718 1731 rarius
1737 1660 2080 1755 autsmaseptimo,

424 1811 589 1865 uctavo
615 1817 731 1864 nervo
754 1793 932 1865 cervicali
958 1810 997 1865 et
1023 1795 1147 1889 primo
1173 1817 1290 1865 nervo
1316 1793 1465 1881 dorsali,
1492 1797 1523 1866 si
1547 1818 1745 1893 magnum,
1782 1829 1834 1846 -·
1872 1792 2082 1901 sinautem

458 1928 576 2001 sclito‘
594 1927 720 2001 minus
746 1945 812 2013 est,
837 1952 884 1996 ne
912 1952 1024 1999 ranam
1050 1930 1204 2027 quidem
1228 1928 1392 2003 radicem
1417 1932 1560 2025 accipit.
1622 1928 1796 2003 surculos
1823 1931 1983 2025 spargit,
2015 1932 2082 2026 qui

458 2053 616 2157 plexum
641 2061 862 2148 cardiacum,
887 2086 1048 2134 nervum
1070 2063 1194 2135 cordis
1220 2062 1506 2158 superficialem,
1522 2065 1697 2161 ganglion
1713 2062 1897 2135 cervicale
1912 2062 2082 2137 riledium

459 2213 502 2267 et
528 2197 757 2269 thoracicutn
784 2199 951 2291 primum
978 2220 1124 2295 augent.
1174 2206 1223 2274 Et
1248 2201 1308 2271 hu
1315 2196 1382 2288 jus
1406 2218 1589 2274 structura
1612 2198 1770 2274 interior
1790 2196 1923 2292 prioris
1938 2199 2082 2295 ganglii
2128 2244 2135 2255 ·

462 2329 621 2405 fabricae
643 2350 720 2404 tam
744 2334 888 2423 similis,
914 2351 956 2406 ut
980 2358 1057 2407 non
1082 2338 1139 2423 sit,
1160 2336 1268 2433 quod
1294 2335 1407 2406 uerba
1431 2354 1611 2431 repetam.

1127 2470 1158 2560 §-
1210 2476 1412 2544 Lxxxvs.

995 2601 1168 2694 Ganglion
1194 2605 1352 2674 cervicale
1377 2604 1541 2694 infimum.

580 2722 584 2730 ⁵
611 2733 725 2807 Haud
750 2758 834 2808 raro
858 2738 1011 2819 tandem
1037 2745 1077 2812 in
1102 2742 1177 2813 insa
1197 2744 1347 2813 cervice
1376 2766 1400 2812 e
1433 2739 1519 2813 fisso
1551 2736 1659 2808 nervi
1691 2732 1916 2826 sym-pathici
1946 2749 2085 2807 trunco

463 2866 540 2941 duo
562 2871 737 2944 orirantur
762 2875 919 2970 ganglia,
949 2899 1053 2968 quae,
1077 2877 1107 2947 si
1134 2875 1238 2968 juxta
1263 2876 1335 2948 sibi
1362 2879 1479 2972 posita
1506 2867 1737 2945 etlateralia
1761 2883 1864 2953 sunt,
1906 2866 2087 2944 inferiora

435 2980 440 2987 ¹
464 3003 637 3096 (anterius
664 3025 702 3078 ct
727 3007 922 3103 posterius)
950 3009 1127 3085 dicuntur
1157 3009 1204 3099 ¹).
1264 3015 1328 3082 Sin
1355 2986 1486 3082 autern
1506 3034 1628 3087 arnum
1648 3032 1695 3077 ex
1715 3005 1773 3077 his
1793 3005 1911 3075 altero
1929 3004 2087 3078 inferius

461 3142 652 3217 thoracico
675 3144 802 3239 primo
827 3145 944 3242 magis
969 3141 1085 3234 affine,
1108 3148 1188 3219 imo
1213 3172 1301 3219 cum
1323 3152 1396 3221 hoc
1423 3146 1605 3219 coalitum
1630 3140 1809 3223 cernitur,
1835 3139 1909 3209 laoc
1939 3142 2090 3213 cervi·

464 3278 564 3348 cale
589 3276 816 3349 infimum
835 3261 1026 3373 appellare
1052 3281 1189 3373 placet,
1224 3283 1316 3354 licet
1340 3289 1561 3353 Nausicaa
1592 3297 1687 3347 voco
1720 3272 1864 3365 ganglii
1896 3274 2090 3364 cervicalis

465 3407 600 3496 infimi,
627 3411 695 3482 iani
721 3435 787 3483 seu
810 3411 981 3503 cardiaci,
996 3412 1110 3485 'aliud
1124 3416 1326 3511 quoddam
1353 3414 1545 3512 intelligat
1573 3407 1620 3499 ²),
1646 3406 1750 3505 quod
1775 3409 1815 3476 in
1837 3430 1916 3477 uno
1943 3410 2092 3481 tantum

458 3567 567 3635 casu,
599 3534 713 3617 moda
739 3547 1005 3644 perexiguum,
1042 3551 1140 3623 milri
1163 3552 1344 3638 occurrit,
1380 3569 1421 3622 et
1443 3550 1506 3621 cui
1531 3569 1672 3618 nomen
1697 3537 1904 3613 cardiaci
1928 3543 2091 3637 relinqui

466 3698 566 3776 opto,
592 3702 677 3752 cum
702 3679 835 3777 plexui
854 3685 1026 3759 cardiaco
1052 3685 1161 3756 val'tle
1188 3685 1235 3759 sit
1260 3686 1433 3759 vicinum
1460 3686 1571 3778 eique
1596 3675 1856 3751 constitutum.
1906 3677 1993 3746 Hoc
2011 3679 2092 3771 qui·

460 3815 555 3891 dem
582 3814 843 3888 cardiacum
868 3820 1105 3918 ganglion,
1137 3823 1279 3919 pariter
1312 3822 1423 3892 etiarn
1458 3816 1684 3917 ganglion
1712 3833 1960 3884 nervorum
1992 3833 2094 3883 cor.

420 4008 423 4013 -
467 3950 536 4025 dis
568 3942 617 4041 ³),
639 3951 784 4022 interne
810 3956 1077 4046 perscrutandi,
1099 3957 1295 4049 hucusque
1320 3979 1397 4027 non
1422 3953 1521 4047 milti
1549 3950 1631 4020 data
1657 3947 1731 4019 fuit
1751 3944 1907 4018 accasio.

615 4084 852 4182 Ganglion
879 4088 1113 4163 cervicale
1144 4088 1380 4175 infimum,
1413 4076 1451 4159 sl
1482 4087 1599 4174 adest,
1632 4100 1904 4176 nonnunquam
1931 4078 2095 4175 amplius

451 4218 641 4293 ’inferiori
671 4202 792 4314 (quoti
816 4206 862 4293 in
879 4194 1014 4298 nostri
1036 4228 1147 4314 casu,
1166 4223 1234 4324 fige
1253 4230 1362 4312 -Vll-I,
1387 4224 1439 4296 ita
1463 4218 1575 4312 erat),
1612 4220 1755 4316 saepias
1789 4190 1916 4291 autem
1945 4216 2096 4303 tonarius

470 4359 672 4430 iuvenitur.
724 4357 762 4425 Si
782 4380 875 4428 :cum
902 4360 1052 4458 ganglia
1076 4362 1267 4434 tltoracico
1294 4361 1417 4455 primo
1444 4360 1535 4445 coit,
1570 4357 1692 4443 locus,
1734 4376 1811 4448 quo
1838 4348 1917 4442 ejus
1942 4347 2099 4427 inferior

414 4493 684 4611 0qtrcmitas
708 4486 872 4591 finiatur,
898 4494 1052 4591 quidem
1078 4515 1180 4609 certo
1207 4495 1284 4581 dici
1298 4494 1455 4590 nequit,
1481 4508 1641 4566 attamen
1663 4488 1738 4562 hoc
1757 4487 1800 4558 in
1818 4508 1903 4562 casu
1921 4481 2000 4621 lere
2022 4506 2100 4561 am·

471 4648 674 4666 *ιι-.-

443 4795 445 4799 ,
540 4723 571 4793 ¹)
604 4722 787 4789 anwtns
803 4719 825 4782 l.
843 4739 866 4781 c.
880 4726 916 4796 'ira
964 4733 1041 4800 aaa„
1056 4738 1099 4799 ua
1116 4727 1335 4786 Bozatmtuttao
1359 4724 1382 4781 1.
1400 4742 1423 4785 c,
1441 4726 1466 4795 ί.
1485 4720 1648 4789 cccxxn.

538 4808 573 4878 ῃ)
674 4807 716 4866 id·
802 4805 823 4868 l·
842 4826 864 4867 c·
882 4822 944 4885 με.
962 4792 1023 4879 l54.
1080 4800 1134 4855 ’ὖ
1182 4804 1185 4811 ’
1253 4806 1288 4882 ι3)
1323 4794 2052 4871 scommata·l.ettom.c.t.cccm11.
