4590 5858
414 692 477 769 84]
512 756 516 763 ,

444 882 451 891 ·
565 853 748 930 omittens
774 878 826 938 ea,
851 867 946 943 quae
972 841 1021 916 de
1046 842 1181 942 figura,
1206 842 1476 943 magnitudine,
1500 843 1596 932 situ,
1621 845 1760 930 colore,
1783 842 2037 922 inconstantia

416 993 591 1069 varietate
617 1009 689 1063 etc.
715 989 825 1080 hujus
858 982 1001 1082 ganglii
1032 982 1115 1053 satis
1147 1003 1334 1076 superque
1366 982 1412 1071 ab
1444 980 1735 1054 antecessoribus
1765 982 1912 1075 prolata
1944 1003 2050 1073 sunt,

419 1128 466 1202 ad
492 1129 559 1202 illa
585 1126 712 1196 statim
737 1146 800 1193 me
826 1136 1061 1207 convertam,
1094 1141 1189 1212 quae
1220 1115 1400 1189 interiora
1433 1099 1652 1214 adspicienti
1683 1140 1758 1188 sese
1790 1112 1967 1192 offerunt.
1998 1154 2052 1177 «-

422 1262 561 1353 Sitnilis
587 1276 713 1329 autem
739 1232 864 1346 cansa,
898 1278 992 1350 quae
1027 1252 1180 1349 quidem
1213 1252 1354 1348 ganglii
1386 1254 1521 1324 ciliaris
1554 1253 1844 1346 explicationem
1874 1252 2070 1328 diluenti-²

424 1362 523 1476 mam
549 1390 687 1478 reddit,
712 1391 816 1463 idem
843 1413 994 1486 quoque
1029 1367 1263 1461 obstaculum
1294 1388 1474 1483 ganglion
1504 1387 1702 1459 maxillsre
1733 1380 1897 1485 penitius
1929 1392 2052 1464 obser·

425 1554 556 1609 saturo
583 1526 780 1619 objicitur.
840 1528 954 1599 Color
978 1524 1160 1595 nimirum
1186 1538 1296 1615 atque
1324 1521 1481 1596 densitas
1506 1540 1545 1595 et
1569 1519 1727 1596 firmitas
1741 1526 1971 1598 substantiae
1996 1550 2053 1599 or·

428 1674 513 1771 gani
538 1663 662 1740 ubivis
689 1638 774 1734 fere¹
795 1662 935 1750 eadem,
961 1661 1141 1759 exiguitas
1166 1659 1239 1747 rei,
1272 1658 1310 1728 id
1337 1683 1508 1753 quoque,
1542 1658 1645 1754 quod
1674 1662 1845 1732 invenire
1878 1661 2067 1760 ganglion.

426 1807 512 1880 satis
537 1824 715 1898 magnum
740 1817 778 1871 et
802 1817 975 1870 exactum
999 1822 1076 1868 non
1096 1796 1183 1869 leve
1204 1795 1255 1867 sit
1278 1794 1495 1892 negotium,
1529 1791 1766 1869 difficultates
1782 1795 1891 1870 haud
1911 1794 2056 1870 madio·

429 1968 508 2019 cres
534 1935 764 2032 indagationi
787 1949 993 2029 opponunt.

1142 2066 1174 2159 §.
1225 2069 1342 2137 LXX.

582 2204 686 2280 Mihi
713 2202 878 2299 quidem,
903 2204 1033 2276 multis
1058 2205 1277 2300 corporibus
1306 2200 1439 2273 frustra
1464 2203 1690 2298 perquisitis,
1717 2200 1869 2273 tandem
1895 2225 1943 2274 ex
1967 2219 2058 2273 voto

432 2359 666 2429 successerat,
698 2360 741 2413 ut
773 2341 882 2437 plura
917 2342 1088 2412 insolitae
1119 2336 1387 2438 magnitudinis
1418 2339 1567 2435 ganglia
1599 2339 1808 2411 maxillaris
1837 2339 2059 2412 invenirem.

436 2498 538 2588 Quae
565 2503 653 2553 cum
679 2478 883 2548 accuratius
908 2500 1155 2565 recenserem,
1178 2464 1346 2572 primum
1370 2474 1523 2568 propria
1548 2474 1617 2546 illa
1643 2491 1681 2546 et
1699 2472 1810 2546 densa
1830 2491 1984 2546 externa
2001 2493 2061 2545 tu·

437 2626 521 2697 nica
546 2617 657 2691 obvia
682 2592 779 2683 milii
802 2611 920 2696 venit,
959 2635 1053 2704 quae
1077 2612 1334 2684 neurilematis
1358 2632 1564 2681 nervorum
1588 2610 1835 2702 adjacentium
1859 2613 1988 2684 locum
2010 2625 2064 2678 te·
2121 2586 2124 2591 .

440 2770 542 2838 nens,
565 2746 659 2819 licet
682 2763 810 2814 tenera
835 2761 880 2812 ut
906 2743 985 2812 fere
1009 2745 1050 2813 in
1075 2746 1228 2842 ganglio
1253 2747 1384 2832 ciliari,
1408 2744 1495 2816 satis
1519 2764 1645 2817 tamen
1663 2770 1803 2834 secure,
1820 2744 2062 2817 instrumenti

442 2914 513 2988 ope
538 2898 645 2957 caute
671 2877 848 2963 adhibita,
875 2879 1022 2950 revolvi
1047 2896 1179 2975 potest.
1232 2885 1339 2951 Tunc
1363 2905 1477 2953 massa
1505 2906 1553 2952 ex
1578 2881 1665 2952 albo
1695 2879 1909 2968 flavescens,
1938 2880 2065 2951 mium

440 3025 580 3107 mollis,
606 3038 718 3112 quam
742 3013 944 3085 substantia
968 3015 1182 3087 secundaria
1203 3017 1360 3111 pulposa
1386 3018 1426 3086 in
1445 3016 1604 3109 reliquis
1624 3017 1782 3114 gangliis
1802 3015 1846 3108 (e.
1861 3039 1896 3113 g.
1910 3015 2064 3114 ganglia

443 3134 601 3243 Gasseri)
626 3166 789 3246 apparet,
810 3145 913 3237 cujus
938 3150 1106 3244 singulae
1131 3150 1334 3246 particulae
1360 3148 1482 3243 primo
1500 3118 1645 3220 intuitu
1664 3170 1741 3224 tam
1759 3154 1830 3223 sibi
1859 3177 1960 3246 pares
1986 3174 2066 3223 esse

444 3291 634 3366 videntur,
655 3300 702 3349 nt
726 3303 855 3346 earum
881 3280 1093 3349 dissociatio
1109 3280 1400 3375 diligentissime
1419 3283 1595 3354 institutis
1613 3301 1651 3355 et
1669 3289 1877 3383 saepissime
1895 3288 2067 3383 repetitis

444 3414 627 3525 periculis
653 3426 769 3508 egeat·
821 3414 923 3504 Quae
944 3411 1072 3483 autem
1099 3438 1145 3484 eo
1168 3415 1403 3488 metandam
1428 3418 1667 3506 induxerunt,
1692 3438 1738 3490 ut
1762 3419 1904 3493 radices
1925 3423 2069 3519 ganglii

448 3575 611 3633 enervo
635 3543 798 3642 linguali
825 3546 1045 3642 progenitas,
1070 3547 1112 3618 in
1137 3549 1319 3622 interiore
1347 3553 1488 3652 ganglii
1513 3575 1620 3651 parte
1645 3554 1691 3629 ad
1716 3557 1963 3629 minutissima
1986 3555 2069 3631 fila·

447 3708 574 3770 menta
599 3685 754 3770 solutas,
794 3681 899 3752 vario
925 3680 1038 3753 modo
1064 3687 1161 3758 inter
1192 3710 1230 3757 se
1263 3689 1403 3759 iterum
1435 3693 1572 3778 unitas,
1612 3708 1649 3761 et
1679 3689 1895 3763 inferiorem
1925 3694 2067 3790 ganglii

449 3823 721 3905 extremitatem
745 3839 873 3887 versus
899 3815 939 3886 in
965 3820 1143 3914 quinque,
1159 3846 1230 3891 sex
1255 3841 1317 3892 aut
1343 3841 1487 3918 septem
1517 3850 1652 3897 nervos
1681 3824 1846 3920 denique
1875 3825 2069 3912 collectas,

451 3958 704 4055 conspicerem
728 3951 792 4044 (cf.
808 3953 881 4049 Fig.
894 3957 954 4021 vt.
967 3951 1033 4040 (1.).
1083 3954 1127 4024 ld
1153 3973 1287 4043 autem,
1314 3955 1426 4050 quod·
1441 3956 1490 4029 de
1516 3961 1666 4056 ganglio
1691 3961 1809 4032 ciliari
1833 3962 1908 4051 jam
1925 3935 2068 4046 monui,

449 4094 612 4191 ‘singulas
637 4090 765 4186 organi
791 4081 1099 4184 partes,'propter
1124 4091 1290 4160 colorem
1317 4108 1353 4160 et
1376 4064 1597 4163 finnitatem
1628 4095 1802 4167 omnibns
1833 4093 1915 4165 fere
1938 4118 2072 4188 aequa·

455 4230 545 4310 lem,
571 4225 717 4293 nonnisi
743 4225 1009 4294 accuratissima
1036 4227 1262 4318 inspectione
1286 4224 1454 4321 dignosci
1480 4251 1597 4322 posse,
1619 4229 1726 4299 'idem
1751 4252 1901 4324 qstoque
1925 4227 2074 4324 degan·

456 4361 538 4461 glio
563 4356 747 4426 maxillari
772 4354 1048 4450 quodammodo
1075 4357 1281 4430 notandum
1294 4357 1452 4432 videtur.
1503 4369 1633 4459 Longa
1647 4365 1875 4459 experientia
1891 4381 1928 4434 et
1943 4366 2074 4439 crebra

458 4490 632 4591 repetitio
656 4487 720 4557 hic
744 4489 903 4559 sulum
892 4508 1029 4580 lauant.
1055 4525 1107 4541 —
1132 4493 1485 4566 Nertiinferiorem
1498 4497 1639 4593 ganglii
1653 4516 1928 4569 extremitatem
1940 4523 2077 4598 evressr

458 4629 508 4704 ad
524 4620 751 4728 glandulam
776 4623 1078 4711 submaxillarern
1097 4624 1358 4713 descendunt,
1373 4650 1411 4703 et
1435 4633 1561 4703 huic
1550 4632 1809 4703 immiscentur
1834 4630 1890 4723 (F
1901 4639 1960 4705 VI.
1974 4660 2006 4709 e.
2017 4633 2077 4725 e),

461 4786 539 4837 uno
565 4774 731 4855 excepto,
757 4752 823 4852 qui
842 4726 895 4824 ad
918 4728 1131 4830 nuisculum
1156 4754 1435 4865 genioglossum
1460 4766 1581 4840 tendit
1606 4763 1656 4857 (F
1681 4772 1742 4843 Vl
1769 4763 1820 4857 f..)
1871 4771 1926 4845 Hi
1950 4771 2079 4844 colore
