4590 5858
1402 741 1414 765 .

1179 789 1215 889 ς.
1268 803 1323 868 ot.

650 945 694 1014 B.
745 934 933 1031 Gauglia
957 934 1109 1030 parvis
1136 934 1341 1005 cerebris
1368 933 1702 1028 aequiparanda
1727 950 1846 1010 sunt·

595 1076 697 1144 Haec
723 1069 958 1164 comparatio,
984 1092 1095 1162 quam
1120 1068 1263 1160 primus
1289 1073 1485 1140 Wmsnow
1510 1069 1646 1156 edidit,
1678 1088 1802 1164 postea
1835 1087 1962 1141 autem
1993 1074 2054 1140 Ltt

447 1214 537 1294 Car,
561 1211 820 1288 Escurmsacu,
846 1208 1002 1288 Hmscu,
1027 1207 1263 1291 Jormsrora,
1287 1210 1522 1290 Paocrrasmt,
1546 1209 1722 1274 Hanrrss
1750 1222 1819 1274 etc.
1845 1201 1906 1292 (cf.
1920 1227 1996 1298 cap·
2009 1200 2053 1289 1.)

445 1340 704 1423 defenderunt,
728 1337 891 1407 multum
918 1335 964 1407 ad
994 1335 1230 1429 depellendas
1260 1339 1522 1432 explicationes
1554 1363 1657 1410 mere
1688 1337 1917 1409 mechanicas
1949 1335 2054 1421 fecit,

446 1492 483 1545 et
507 1490 634 1544 nostro
659 1471 780 1543 adhuc
805 1487 974 1562 tempore
1001 1469 1209 1562 saepissime
1231 1470 1446 1558 adhibetur,
1472 1472 1539 1542 ubi
1565 1470 1612 1541 de
1638 1471 1865 1566 explicandis
1891 1469 2054 1567 ganglia·

445 1632 533 1678 rum
559 1604 808 1675 functionibus
834 1601 967 1696 agitur.
1030 1606 1137 1677 Licet
1160 1605 1365 1677 secundum
1389 1629 1512 1676 meam
1536 1605 1688 1699 quidem
1709 1607 1931 1679 sententiam
1957 1625 2055 1673 com·

445 1739 587 1835 paratio
613 1735 1019 1834 organorumlfabricae
1045 1754 1122 1808 tam
1147 1739 1256 1808 valde
1282 1737 1447 1811 diversae
1473 1763 1604 1833 parum
1627 1758 1709 1834 apta
1733 1743 1796 1827 sit,
1820 1758 1948 1810 tamen
1972 1759 2055 1805 eam
2152 1817 2154 1821 ¹

444 1897 520 1943 non
544 1873 691 1965 penitus
716 1867 954 1960 rejiciendam
980 1893 1054 1939 esse
1080 1888 1182 1965 puto,
1220 1869 1425 1942 dummodo
1452 1874 1518 1966 qui
1544 1897 1587 1943 ea
1612 1892 1788 1960 utuntur,
1826 1893 2056 1963 compara·

446 2006 588 2093 tionis
613 2006 729 2096 justos
754 2000 847 2074 fines
872 2025 947 2072 non
973 2004 1162 2074 excedant.
1229 2009 1320 2076 Sunt
1343 2030 1477 2099 nempe
1504 2007 1683 2098 quaedam
1708 2007 1901 2098 utriusque
1926 1997 2056 2095 organi

447 2139 631 2212 functioni
656 2133 878 2218 communia,
905 2160 936 2206 e.
949 2157 985 2230 g.
1005 2154 1208 2232 utrumque
1228 2162 1393 2235 organon
1416 2157 1577 2234 praeest:
1604 2141 1781 2235 ganglion
1805 2174 1859 2189 -
1883 2133 2056 2230 pluribus
2126 2183 2131 2189 ν

445 2275 581 2361 nervis,
607 2294 812 2366 eorumque
837 2271 1040 2342 actionibus
1066 2271 1323 2365 conciliandis,
1347 2275 1546 2346 cerebrum
1572 2309 1623 2328 -
1656 2274 1827 2344 omnium
1851 2291 2056 2340 nervorum

445 2409 561 2478 totius
586 2408 749 2502 corporis
774 2404 1041 2475 sensationibus
1076 2403 1294 2501 colligendis
1327 2426 1439 2501 atque
1472 2406 1655 2479 uniendis.
1716 2378 1788 2475 Eos
1821 2421 1964 2488 tamen,
1990 2400 2055 2494 qui

404 2598 408 2602 .
444 2541 559 2611 talem
583 2540 892 2635 comparationem
917 2561 1024 2609 sensu
1049 2541 1199 2609 arctiori
1222 2536 1467 2628 admittentes,
1484 2544 1630 2639 ganglia
1651 2538 1796 2612 cerebri
1817 2538 1912 2606 vices
1926 2558 2058 2605 revera

447 2691 544 2743 certa
570 2675 733 2764 corporis
758 2671 969 2743 conditione
996 2673 1120 2742 subire
1146 2696 1267 2766 posse,
1298 2674 1409 2746 nimis
1441 2662 1612 2746 audacter
1644 2670 1886 2755 contendunt,
1923 2701 1975 2720 -
2012 2684 2058 2738 ut

448 2806 636 2898 sequentia
659 2829 785 2876 secum
809 2806 881 2876 rite
907 2821 1136 2899 computent,
1161 2825 1271 2897 rogo:

572 2936 612 3028 o)
638 2944 768 3009 Forma
794 2954 943 3009 externa
969 2955 1007 3007 et
1031 2955 1213 3008 structura
1238 2938 1382 3007 interna
1405 2938 1446 3007 in
1471 2956 1631 3032 utroque
1657 2958 1796 3032 organo
1823 2950 1899 3006 tam
1916 2933 2059 3004 diversa

522 3074 718 3168 reperitur,
742 3089 785 3143 ut
809 3099 857 3144 ne
882 3074 972 3153 ulla⁴
988 3072 1138 3165 quidem
1164 3071 1390 3158 similitudo,
1424 3095 1467 3140 re
1492 3071 1696 3142 anatomice
1721 3067 1795 3138 rite
1822 3067 2059 3165 investigata,

525 3207 687 3301 conspici
712 3206 830 3300 possit
856 3205 916 3293 (cf.
943 3199 977 3297 ς.
1003 3211 1172 3278 XXXVII
1199 3202 1295 3294 etc).

576 3335 613 3426 b)
640 3341 748 3406 Ratio
775 3335 939 3407 chemica
964 3335 1138 3407 similiter
1163 3360 1387 3434 magnopere
1413 3327 1543 3403 differt
1569 3329 1628 3420 (cb
1654 3327 1689 3423 δ.
1714 3338 1780 3404 LV
1805 3331 1907 3428 sqq.).

577 3466 611 3558 c)
642 3476 698 3540 Re
725 3470 983 3566 physiologice
1009 3468 1219 3564 ponderata,
1244 3489 1390 3542 certum
1410 3483 1481 3537 est:
1507 3464 1548 3534 in
1567 3467 1718 3537 cerebro
1739 3491 1815 3537 non
1834 3469 1959 3539 solum
1979 3492 2061 3562 per-

525 3604 711 3697 ceptiones
737 3604 778 3674 in
803 3604 958 3677 diversis
984 3605 1150 3698 corporis
1175 3605 1344 3700 partibus
1370 3601 1478 3673 factas
1500 3598 1630 3693 colligi
1651 3616 1687 3669 et
1704 3599 1858 3683 reflecti,
1870 3601 1945 3689 sed,
1958 3600 2061 3697 quod

526 3737 651 3808 multo
674 3739 791 3835 magis
817 3738 1133 3823 considerandum,
1156 3735 1252 3825 fieri,
1275 3754 1318 3807 ut
1343 3758 1472 3805 earum
1496 3732 1604 3803 nobis
1631 3734 1767 3804 conscii
1791 3735 1915 3807 simus.
1973 3739 2060 3805 Hoc

525 3872 745 3963 primarium
771 3873 913 3944 cerebri
936 3876 1084 3968 signum
1109 3873 1150 3940 in
1174 3871 1332 3967 gangliis
1357 3891 1504 3961 semper
1537 3865 1777 3941 desideratur.
1840 3873 1940 3939 Nam
1971 3891 2063 3962 quo·
2146 3865 2147 3868 ’

529 4028 602 4097 que
632 4005 867 4099 magnetismi
898 4007 1063 4077 animalis
1096 3999 1278 4090 effectus,
1303 4003 1369 4094 qui
1407 4024 1493 4069 cum
1532 4000 1789 4093 comprobent,
1826 4002 2063 4096 gangliorum

529 4134 757 4208 functionem
782 4141 949 4211 multum
974 4134 1099 4209 efferri
1123 4161 1243 4233 posse,
1280 4135 1312 4205 si
1336 4135 1515 4230 singulari
1540 4135 1655 4206 modo
1687 4133 1912 4221 afficiuntur,
1955 4135 2063 4206 nobis

532 4272 705 4341 contrarii
731 4297 806 4344 esse
831 4273 1019 4360 videntur,
1044 4305 1096 4323 -
1120 4270 1220 4342 nihil
1246 4267 1360 4354 aliud,
1386 4269 1417 4338 si
1443 4294 1527 4339 rem
1544 4286 1645 4339 recte
1669 4269 1920 4366 perpenderis,
1944 4286 2063 4340 osten-

533 4397 639 4485 dunt,
662 4403 733 4472 nisi
757 4403 945 4477 iunctione
971 4406 1178 4497 systematis
1203 4427 1406 4475 nervorum
1430 4399 1649 4472 animalium
1681 4427 1869 4501 oppressa,
1900 4418 2062 4492 systema

533 4555 737 4604 nervorum
761 4530 1018 4633 vegetativum=
1034 4541 1144 4634 plane
1169 4537 1347 4634 singulari
1373 4553 1410 4605 et
1441 4534 1539 4605 miro
1570 4533 1684 4607 modo
1715 4537 1932 4608 facultatem
1965 4531 2094 4604 adser

536 4666 600 4764 qui
622 4690 741 4762 posse,
764 4673 982 4744 sensationes
1007 4674 1101 4743 varii
1125 4671 1273 4769 generis
1298 4669 1334 4742 ei
1360 4668 1469 4743 iactas
1501 4666 1610 4741 facile
1635 4689 1674 4742 et
1697 4670 1780 4742 cito
1798 4669 1845 4743 ad
1870 4667 2065 4742 cerebrum
