4590 5858
1898 720 1969 794 ²25

351 898 485 951 ¹autem
511 905 582 976 pro
607 882 734 956 lubitu
765 881 912 956 dssatari
929 879 1088 978 possint3
1101 874 1164 934 ’ῖ-
1194 879 1236 952 in
1253 876 1430 951 musculis
1449 875 1754 968 interoostaiibus,
1777 883 1841 976 qui
1859 884 1968 957 nobis

334 1013 484 1086 'insciis
510 1038 741 1105 moveantur,
767 1044 928 1114 quorum
952 1034 1079 1086 tamen
1111 1014 1208 1085 actio
1241 1013 1289 1083 ad
1319 1031 1464 1085 certum
1496 1031 1641 1110 tempus
1673 1041 1742 1109 pro
1775 1017 1969 1091 voluntate

330 1146 522 1233 inhiberi
549 1172 658 1243 queat
684 1173 753 1223 etc.
776 1188 828 1206 -
877 1154 954 1226 Hic
978 1168 1102 1220 tamen
1136 1169 1325 1242 opponere
1356 1142 1470 1236 licat,
1493 1150 1534 1218 in
1565 1149 1642 1219 illis
1677 1150 1968 1244 sphincterihus,

358 1302 476 1373 aeque
507 1299 550 1355 ac
581 1287 762 1356 musculis
791 1286 1059 1381 respirationis,
1096 1282 1304 1353 voluntatis
1324 1282 1534 1377 ⁸imperium
1564 1285 1793 1376 superiorem
1825 1309 1971 1380 semper

356 1413 487 1485 locum
512 1436 654 1505 tenere,
680 1419 783 1515 qaod
808 1445 854 1491 ex
878 1445 1010 1492 eorum
1035 1418 1288 1488 functionibus
1310 1418 1381 1511 pro
1406 1417 1535 1525 lubitu
1561 1416 1773 1487 inhibendis
1797 1421 1881 1489 satis
1906 1430 1993 1514 pas

357 1565 425 1637 tet,
453 1574 584 1622 eorum
611 1556 733 1623 nervia
760 1577 909 1648 quoque
933 1558 1045 1649 plane
1071 1552 1261 1637 convenit,
1292 1552 1431 1646 quippe
1463 1553 1528 1645 qui
1560 1551 1767 1642 systematis
1799 1554 1969 1626 animalis

357 1704 442 1756 suut
460 1682 505 1772 ¹).
527 1719 578 1736 -
627 1687 704 1756 Alii
731 1687 930 1777 objiciuntt
955 1687 1078 1757 adesse
1103 1703 1241 1779 partes,
1267 1685 1400 1777 quibus
1425 1705 1550 1757 motus
1577 1689 1833 1772 mixtus,¹non
1858 1689 1969 1779 plane

328 1852 332 1861 =
357 1818 609 1906 voluntarius,
633 1844 702 1891 nec
729 1822 838 1915 plane
864 1821 1147 1905 involuntarius,
1174 1817 1379 1902 conveniat,
1399 1843 1435 1887 v.
1461 1841 1490 1887 c.
1517 1819 1765 1915 diaphragma.
1824 1822 1968 1916 Quibus

352 1951 617 2043 respondetur:
643 1979 687 2023 eo
714 1955 794 2048 ipso
819 1955 1040 2026 sententiam
1064 1971 1230 2025 nostram
1255 1950 1390 2021 melius
1416 1949 1584 2039 fundari,
1615 1977 1701 2024 cum
1726 1953 1968 2051 diaphragma

327 2108 489 2154 nervos
515 2109 561 2155 ex
586 2104 750 2179 utroque
775 2105 972 2175 systemate
998 2089 1152 2171 mixtos,
1183 2106 1204 2150 e
1230 2067 1420 2175 phaenicis
1451 2107 1567 2178 aeque
1600 2109 1642 2156 ac
1673 2111 1699 2156 e.
1720 2090 1966 2181 ,sympathicis
2019 2108 2023 2113 ’

320 2206 322 2211 ’
354 2220 517 2313 accipiat.
543 2250 595 2269 -
645 2219 722 2287 Alii
746 2217 929 2290 referunt:
957 2217 1058 2312 quod
1084 2234 1209 2288 motus
1232 2232 1343 2308 atque
1368 2216 1526 2288 acdones
1551 2219 1825 2304 intestinorum,
1845 2222 1967 2294 cordis

354 2370 423 2421 etc.
449 2377 526 2421 non
551 2350 809 2445 percipiamus,
835 2350 876 2422 id
900 2351 1102 2423 secundum
1128 2352 1253 2444 legem
1280 2343 1558 2420 consuetudinis
1582 2346 1691 2435 effici,
1722 2353 1825 2442 cujus
1850 2352 1965 2428 effica-

354 2486 409 2554 cia
434 2487 645 2580 gravissima
669 2487 731 2559 sit.
782 2490 881 2578 Quos
906 2487 1193 2580 interrogamuss
1226 2485 1258 2554 si
1283 2485 1479 2553 transitum
1504 2484 1674 2554 ciborum
1698 2509 1769 2579 per
1791 2487 1965 2559 intestina

353 2621 632 2690 consuetudinis
655 2621 768 2692 solius
793 2640 898 2689 causa
923 2643 999 2688 non
1020 2621 1230 2703 sentiamus,
1256 2641 1409 2687 curnam
1433 2641 1566 2689 eorum
1593 2636 1804 2689 contactum
1822 2618 1965 2716 lingua,

349 2753 483 2845 palato,
510 2756 700 2852 pharynge
725 2754 981 2849 percipiamus,
1006 2750 1143 2845 quibus
1170 2750 1298 2822 eadem
1317 2774 1403 2822 sane
1421 2753 1693 2826 consuetudinis
1710 2754 1774 2824 lex
1789 2751 1964 2823 adhiberi

282 2961 284 2964 y
350 2885 493 2976 possiti
542 2891 617 2957 Alii
646 2888 895 2960 contendunt:
934 2903 1057 2978 partes
1083 2885 1248 2978 corporis
1272 2885 1395 2953 nervis
1425 2886 1644 2977 vegetativis
1674 2886 1854 2980 praeditas
1886 2912 1963 2959 non

351 3018 474 3087 solum
503 3043 651 3090 sensum
679 3021 849 3104 excitare,
874 3021 952 3090 imo
979 3020 1090 3088 etiarn
1111 3017 1259 3087 dolores
1273 3015 1613 3103 vehementissimos
1626 2999 1832 3110 producere
1845 3045 1963 3114 posse,

349 3151 450 3242 quod
468 3152 786 3225 inflammationes
813 3154 1085 3247 intestinorum,
1111 3151 1248 3221 colieae
1274 3166 1345 3221 etc.
1371 3147 1585 3235 ostendant,
1608 3184 1660 3202 -
1692 3150 1851 3247 ideoque
1876 3157 1962 3225 nui-

347 3284 424 3355 lam
450 3311 526 3357 esse
552 3312 676 3358 sensus
703 3282 949 3358 differentiam
974 3288 1014 3355 in
1040 3303 1200 3375 utroque
1225 3307 1429 3351 nervorum
1454 3291 1664 3372 systemate.
1714 3292 1815 3380 Quae
1833 3305 1959 3360 tamen

346 3417 508 3505 objectio
530 3422 770 3510 sequentibus
796 3419 816 3507 ἓ
842 3419 861 3506 §
887 3419 973 3490 satis
1000 3417 1209 3488 refelletur.
1233 3445 1286 3464 -·
1335 3419 1485 3484 Caetera
1509 3414 1633 3486 adhuc
1657 3415 1863 3505 objicienda
1893 3439 1961 3494 ant

348 3551 505 3621 minoris
530 3553 713 3623 momenti
739 3570 836 3640 aunt,
861 3570 924 3624 aut
949 3550 1031 3621 aliis
1057 3548 1150 3619 locis
1174 3545 1509 3620 memorabuntur,r

1054 3679 1089 3773 §-
1140 3655 1245 3750 cvu.

497 3816 535 3908 5)
585 3819 830 3892 irritamentis
862 3815 1021 3890 externis
1051 3816 1178 3885 nervis
1211 3815 1418 3907 systematis
1458 3812 1658 3911 vegetativi
1695 3809 1853 3884 admotis
1890 3833 1958 3889 ant

340 3953 456 4046 plane
478 3955 636 4040 nullam,
661 3990 713 4006 -
739 3971 809 4024 aut·
829 3969 974 4023 tantum
999 3952 1030 4022 si
1054 3952 1121 4021 illa
1146 3949 1243 4039 justo
1269 3970 1305 4022 et
1328 3947 1449 4018 solito.
1468 3946 1621 4018 fortiora
1646 3945 1804 4033 tuerint,
1836 3971 1957 4020 senst-

229 4091 233 4097 '
344 4086 487 4154 tionem
511 4089 569 4155 sui
595 4090 740 4182 generis
767 4088 952 4177 excitari,
974 4120 1025 4141 -
1061 4087 1212 4179 optime-
1238 4076 1503 4178 experimentis
1535 4080 1826 4152 inanimalibus
1856 4085 1954 4155 viris

324 4217 541 4306 institutis,
563 4221 754 4315 probatur.

487 4357 564 4451 'Qui
578 4358 719 4451 primus
732 4370 901 4428 naturam
913 4377 1114 4428 nervorum
1132 4353 1340 4445 systematis
1359 4351 1557 4449 vegetativi
1571 4349 1723 4446 piopius
1743 4367 1781 4421 et
1799 4349 1953 4445 quidem

342 4492 537 4583 separatim
552 4495 833 4578 examinaturus,
847 4493 982 4573 animal
996 4492 1123 4560 vivum
1138 4490 1265 4574 secuit,
1277 4495 1425 4559 Bacunn
1437 4511 1513 4557 esse
1525 4485 1683 4570 videtur,
1697 4485 1760 4577 qui
1775 4483 1950 4580 ganglion

340 4625 567 4697 semiiunare
584 4625 735 4698 incana
762 4629 850 4697 vino
867 4643 970 4696 secto
989 4623 1096 4695 valde
1115 4624 1302 4694 irritatum
1321 4623 1471 4694 nulium
1490 4619 1665 4713 inquietis
1687 4620 1835 4714 signum
1853 4597 1949 4689 exci-

408 4816 441 4890 ι)
471 4808 587 4880 ὒίᾙεσ
600 4816 636 4873 ds
651 4833 682 4875 re
693 4818 793 4877 ‘Iasius
808 4835 940 4878 naetsnss
962 4818 1141 4887 loannem,
1155 4816 1225 4876 adiu
1242 4781 1335 4894 grim.
1351 4774 1527 4881 Mat-²¹⁸>
1542 4832 1603 4888 νει
1621 4819 1666 4881 5⁴·
1714 4842 1716 4847 ’
