4590 5858
370 683 441 778 136

365 856 609 941 pertentastis
630 844 832 948 nervlmgl
852 856 1026 946 praeditae
1049 858 1236 930 voluntatis
1258 855 1405 948 imperio
1429 856 1684 946 quodammodo
1714 860 1879 933 deductae
1906 865 1983 948 sint,

369 961 578 1027 sensationes
600 984 739 1044 quoque
761 985 805 1028 ex
823 963 878 1026 'his
903 967 1047 1049 organis,
1071 986 1102 1029 e.
1123 987 1155 1050 g.
1174 969 1409 1050 pulmonibus,
1432 962 1627 1052 ventriculo
1644 979 1707 1030 etc.
1728 964 1881 1034 sensorio
1899 992 1987 1034 com·

368 1060 467 1123 muni
489 1077 545 1125 aut
566 1065 635 1126 fere
665 1067 798 1141 nullae,
827 1079 885 1128 aut
904 1085 1004 1149 aegre
1026 1080 1061 1130 et
1086 1067 1198 1131 minus
1218 1083 1346 1132 tantum
1363 1066 1589 1132 admittantur.
1615 1066 1692 1154 Qui
1707 1068 1847 1134 effectus
1864 1086 1987 1150 tamen,

370 1181 448 1225 cum
469 1161 606 1245 ganglio
621 1165 761 1229 secundi
783 1165 913 1230 ordinis
923 1188 1007 1232 non
1029 1171 1106 1232 satis
1125 1173 1277 1252 perfecte
1296 1167 1433 1233 absolvi
1453 1167 1575 1250 possit,
1598 1169 1732 1233 adeum
1752 1174 1875 1237 melius
1890 1174 1989 1257 perli-

372 1264 532 1326 ciendurn
551 1285 681 1348 organa
699 1269 797 1331 illae
818 1287 929 1332 nervo
951 1264 1277 1353 sympathicosimui
1294 1291 1405 1335 ramos
1418 1269 1615 1352 suscipiunt.
1654 1268 1759 1357 Quod
1772 1294 1810 1356 pe.
1833 1292 1865 1356 g.
1887 1273 1994 1339 famis·

371 1382 490 1426 sensus
512 1387 533 1430 e
554 1370 749 1434 ventriculo
770 1368 813 1431 ad
826 1369 1027 1433 'sensorium
1048 1392 1235 1453 commune·
1248 1374 1426 1449 deferatur,
1446 1371 1669 1459 conductioni
1683 1392 1745 1454 per
1760 1392 1870 1436 ramos
1887 1370 1995 1438 nervi

372 1464 460 1548 vagi
473 1458 620 1552 '‘ganglio
639 1471 704 1536 illo
720 1469 866 1554 'quidem
888 1469 1099 1554 aliquatenus
1120 1462 1261 1549 fractae,
1295 1470 1444 1539 'attamen
1468 1494 1545 1536 non
1573 1470 1711 1555 penitus
1733 1475 1901 1549 sublatae,
1934 1471 1989 1537 tri-

371 1567 461 1640 buo;
481 1570 578 1649 quod
602 1585 712 1636 autem
734 1572 876 1656 digestio
889 1571 1045 1636 ciborum
1065 1576 1201 1638 nullum
1214 1591 1352 1637 sensum
1374 1595 1457 1638 sano
1473 1573 1608 1656 corpori
1634 1577 1773 1652 excitet,
1795 1573 1994 1659 nervisytni

372 1667 498 1748 pathici
519 1668 557 1732 vi
578 1671 748 1738 inhibenti
767 1673 951 1759 praecipue
974 1675 1139 1753 adscribo,
1160 1690 1223 1739 etc.
1236 1707 1279 1755 ·.·
1299 1678 1483 1740 Caeterum
1506 1677 1549 1738 ad
1564 1676 1774 1757 peculiarem
1791 1675 1895 1741 nervi
1911 1671 1992 1758 vagi

371 1769 540 1833 actionem
560 1773 835 1853 producenda-m,
866 1775 1073 1862 singularem
1099 1778 1202 1842 totius
1222 1775 1336 1841 trunci
1357 1792 1557 1841 structuram
1577 1777 1726 1840 multum
1749 1776 1893 1840 omnino
1906 1794 1992 1862 ,pro-

345 1918 347 1922 Α
372 1869 485 1948 ficere,
505 1883 637 1938 certum
657 1891 709 1940 est
732 1877 780 1956 ¹).
958 1876 961 1883 ’

383 1998 387 2004 ·
500 1973 717 2064 Ganglion
745 1977 872 2044 ner'vi
900 1977 1288 2064 glotsopharyngei
1316 1979 1531 2064 gangliorum
1558 1979 1701 2045 secundi
1730 1977 1881 2049 sardinis·
1899 1997 1990 2041 cons·

374 2075 473 2140 muni
494 2100 637 2147 munere
653 2079 816 2164 fungitur.
859 2080 1103 2146 connexiones
1112 2080 1218 2163 hujus
1232 2081 1334 2145 nervi
1346 2081 1559 2164 multiplices,
1571 2103 1644 2144 non
1658 2070 1772 2145 soidm
1783 2100 1863 2143 cum
1873 2097 1990 2142 nervo

373 2194 475 2260 vago,
495 2185 560 2247 se'd
580 2167 683 2250 etiarn
705 2203 784 2244 curn
801 2180 919 2246 nervis
940 2181 1038 2243 nullo
1060 2180 1196 2266 ganglio
1219 2181 1396 2265 praeditis,
1420 2203 1530 2247 nervo
1554 2183 1740 2246 acoessorio
1763 2178 1907 2245 Willisii
1928 2178 1992 2240 im-

374 2273 503 2358 primis,
523 2284 634 2349 faciali
656 2282 702 2347 ita
722 2283 837 2360 iactae,
860 2297 898 2354 ut
915 2298 1028 2365 partes
1051 2283 1125 2366 ejus
1146 2285 1248 2347 ramis
1264 2283 1461 2359 instructae,
1481 2305 1514 2347 e.
1537 2302 1570 2365 g.
1593 2287 1827 2347 constrictores
1849 2279 1995 2362 pharym

375 2381 427 2461 gis
446 2397 523 2461 eto,
544 2405 735 2451 nervorum
757 2370 1014 2448 cohaerentium
1035 2405 1134 2449 oausa
1156 2382 1329 2449 voluntati
1355 2384 1459 2468 magis
1491 2384 1663 2466 subjectae
1690 2404 1765 2448 esse
1791 2380 1992 2455 rideantur,

375 2492 448 2543 tum
470 2498 618 2567 quoque,
640 2487 735 2570 quod
757 2487 906 2549 ramulos
927 2506 1038 2548 nervo
1063 2485 1273 2579 sympathico
1297 2499 1331 2552 et
1350 2484 1471 2571 plexui
1495 2485 1646 2548 cardiaco
1666 2482 1827 2570 augendo
1850 2494 1993 2565 spargat,

373 2608 419 2630 ··
438 2583 713 2653 verisimiliorem
734 2590 836 2650 usum
853 2587 956 2649 iilum
976 2587 1135 2654 reddunt.
1174 2598 1177 2602 '
1874 2612 1877 2617 ·

382 2690 389 2703 ‘
437 2712 441 2723 ¹
502 2687 589 2751 Gan
597 2689 683 2776 glia
706 2688 893 2772 spinalia
915 2687 1047 2769 reliqua
1067 2688 1114 2752 ita
1136 2688 1301 2774 disposita
1320 2702 1410 2768 sunt,
1425 2688 1472 2752 'ut
1492 2701 1677 2753 structurae
1698 2703 1799 2748 causa
1814 2679 1994 2747 communi

378 2767 593 2852 gangiiorum
614 2774 730 2837 officio
750 2773 895 2836 minimo
918 2788 1048 2837 tantum
1069 2775 1176 2858 gradu
1196 2777 1384 2840 satisfacere
1407 2777 1554 2839 valeant.
1599 2776 1776 2836 Caeterum
1792 2768 1993 2833 sensationi·

377 2854 442 2919 W
461 2859 636 2927 medullae
654 2858 777 2942 spinali
800 2858 1113 2935 adducendisillis,
1146 2882 1234 2942 quae
1264 2882 1311 2925 ne
1339 2859 1515 2922 minimam
1537 2858 1682 2941 quidem
1708 2851 1994 2934 interruptionem
2064 2939 2066 2942 Α

375 2938 465 3004 lene
486 2959 638 3027 possunt,
655 2945 710 3007 sic
727 2965 761 3017 e.
782 2964 816 3028 g,
840 2944 999 3027 potestati
1024 2946 1211 3015 uoluntatis
1239 2945 1402 3011 musculis
1424 2944 1614 3011 dorsalibus
1636 2955 1700 3010 etc.
1719 2937 1922 3012 afferendae,
1944 2956 1995 2998 1²·

377 3024 436 3086 dlx
457 3031 608 3108 anterior
626 3049 849 3111 neruorums
874 3029 1017 3103 inalium
1036 3030 1185 3102 liberum
1207 3030 1384 3099 transitum
1405 3029 1481 3098 satis
1503 3028 1620 3119 aperit.
1680 3024 1852 3108 Ganglion
1878 3035 1992 3119 autern

376 3107 498 3176 radicis
518 3114 714 3196 posterioris
735 3113 836 3179 stimu
852 3115 879 3177 is
902 3114 1002 3178 solito
1025 3116 1342 3179 vehementioribus
1367 3115 1538 3177 medullae
1567 3111 1690 3193 spinali
1717 3107 1791 3172 sive
1819 3119 1993 3189 systematr

378 3202 575 3277 vegetativo
595 3199 796 3280 adjiciendis
823 3221 955 3266 moram
975 3199 1123 3281 aliquam
1137 3205 1361 3284 interponere
1379 3197 1464 3260 mihi
1486 3197 1632 3260 videtur.
1681 3193 1845 3255 Attamen
1866 3191 1994 3251 horum

376 3280 594 3359 gangliorum
613 3301 716 3349 usum
731 3283 818 3341 mihi
839 3285 952 3342 minus
973 3285 1200 3361 perspiouum,
1224 3296 1324 3361 quam
1346 3296 1552 3342 caeterorum
1575 3298 1664 3351 esse,
1686 3276 1794 3337 libere
1816 3275 1993 3355 profiteor.

327 3426 332 3435 ,
380 3360 487 3446 Quod
506 3382 592 3431 'sero
611 3365 668 3427 ct.
681 3362 828 3427 'Wnnea
847 3365 938 3440 uult,
970 3365 1103 3448 ganglia
1126 3367 1268 3448 a'pinalia
1285 3362 1391 3426 novis
1413 3360 1530 3425 nervis
1550 3358 1781 3443 producendis
1808 3355 1993 3423 constituta

378 3462 475 3533 sisse,
501 3461 537 3533 et
558 3447 654 3532 quasi
675 3449 1033 3532 typumrgangliorum,
1050 3450 1309 3525 inanimalibus
1330 3444 1535 3520 inferiorum
1551 3443 1716 3517 ‚ordinum
1735 3441 1881 3541 referre,
1904 3439 1994 3510 veri·

378 3526 435 3594 tari
454 3531 598 3600 minime
618 3548 887 3601 consentaneum
908 3549 1004 3616 puto.
1025 3567 1069 3582 -
1110 3537 1291 3619 Ganglia
1319 3528 1562 3615 systematis
1589 3539 1829 3610 vegetatrvr
1855 3525 1992 3588 tandem

376 3619 675 3711 omnemugaugliis
696 3639 916 3692 communem
936 3639 1039 3693 usum
1058 3619 1235 3693 manime
1256 3612 1522 3693 subministrant,
1543 3629 1673 3685 utnon
1695 3608 1748 3692 sit,
1768 3609 1863 3699 quod
1876 3611 1921 3674 de
1936 3608 1991 3673 his

377 3704 490 3785 adhuc
510 3702 688 3795 sepmarlm
710 3723 856 3792 agamus.
1080 3788 1098 3871 ᾗ
1181 3790 1275 3855 XVI
1584 3741 1588 3748 -

394 3922 398 3931 ,
443 3900 447 3911 ·
494 3875 585 3939 Cum
598 3873 803 3959 degangliis
815 3872 1014 3939 animalium
1034 3894 1231 3940 sermonem
1250 3876 1376 3950 facere,
1396 3869 1456 3935 laic
1472 3888 1546 3933 non
1558 3863 1595 3930 in
1608 3863 1723 3931 animo
1738 3862 1849 3966 sit,id
1869 3867 1991 3930 saltem

375 3979 520 4037 ΜΒΝ
542 3962 652 4037 VOluis
673 3959 809 4044 ginssiia
828 3961 1027 4031 animalium
1043 3962 1248 4030 inferiorum
1270 3959 1431 4027 ordinum
1452 3953 1538 4018 mihi
1557 3952 1603 4021 ita
1623 3953 1708 4016 facta
1724 3952 1844 4024 vadus,
1859 3965 1896 4048 ut
1910 3953 1988 4013 nul-

376 4045 445 4111 lam
465 4048 568 4134 plane
590 4048 878 4138 comparatipnem
899 4065 976 4130 cum
1000 4045 1141 4136 gangliis
1156 4042 1344 4133 systematis
1358 4037 1547 4129 vegetatisi
1556 4035 1759 4126 animalium
1770 4053 1993 4124 superiorum

379 4127 538 4192 ordinum
558 4129 738 4214 perferant.
765 4130 845 4193 'ilia
864 4126 991 4211 nempe
1014 4128 1136 4195 revera
1155 4130 1327 4195 medullae
1348 4123 1487 4209 spinalis
1508 4137 1541 4187 et
1563 4121 1693 4186 cerebri
1714 4119 1808 4183 vices
1831 4121 1989 4182 subeunt.

376 4210 467 4273 Nam
490 4236 567 4278 cum
588 4230 732 4299 systema
753 4214 984 4299 vegetativum
1007 4237 1126 4279 verum
1147 4216 1184 4278 in
1204 4213 1355 4298 piscibus
1375 4211 1446 4292 jam
1466 4211 1594 4273 sensim
1610 4218 1798 4280 evanescat,
1813 4217 1848 4268 et
1860 4221 1990 4291 nervus

378 4314 485 4377 vagus
506 4299 606 4380 hujus
627 4317 737 4383 partes
752 4299 918 4384 suscipiat,
936 4299 973 4362 in
991 4299 1209 4364 inferioribus
1232 4300 1346 4362 aulem
1363 4297 1500 4358 nullum
1512 4296 1615 4376 plane
1636 4288 1821 4387 vestigium
1833 4302 1991 4372 systema·

378 4378 421 4442 tis
436 4384 619 4464 vegetatiri
635 4386 729 4451 veri
742 4383 899 4468 supersit,
911 4382 951 4446 in
969 4384 1024 4449 his
1038 4382 1220 4468 utrumque
1242 4392 1386 4464 systema
1400 4379 1598 4443 conssuxum
1611 4376 1850 4457 credo,qu1bus
1863 4393 1991 4454 nempe

379 4477 494 4528 exacta
515 4473 678 4548 separatio
697 4490 817 4534 sensus
846 4484 881 4535 et
910 4470 1128 4534 functionum
1155 4490 1229 4533 non
1257 4483 1326 4530 tam
1350 4464 1543 4530 necessaria
1569 4462 1725 4545 videtur,
1746 4459 1838 4535 dtus
1853 4458 1992 4524 tandem

379 4552 539 4617 animalia
561 4551 671 4617 infimi
692 4556 820 4624 ordinis
838 4577 882 4621 ex
904 4569 976 4619 toto
998 4558 1071 4626 lere
1093 4553 1332 4645 reproductiva
1353 4562 1526 4642 apparent.

446 4701 474 4772 a>
508 4699 555 4765 ct,
571 4702 799 4770 sommo,
814 4703 838 4770 l,
854 4722 877 4767 o.
893 4703 927 4766 Τ.
945 4704 995 4764 tv.
1015 4710 1032 4774 ς
1049 4703 1202 4766 CCLXIV.
1219 4722 1283 4782 pag·
1299 4716 1361 4776 271·

1801 4890 1993 4979 Explicatis
