4590 5858
505 788 514 807 .
557 737 730 826 Ganglion
751 738 959 827 thoracicum
997 739 1155 825 quintum
1204 774 1249 796 -ι
1377 773 1422 796 -

620 863 664 909 'ff'
838 861 883 877 ·-
991 844 1136 895 'sextum
1156 828 1256 894 nervi
1279 829 1489 915 sympathici.

621 946 665 965 -
834 949 879 963 -
992 918 1234 999 septimum—
1349 949 1395 967 -

623 1032 668 1046 -··
836 1033 880 1050 -
995 1019 1155 1067 octavum
1188 1036 1232 1064 .-
1350 1036 1395 1056 ·-

507 1131 515 1150 .
556 1085 657 1149 Rami
680 1088 969 1151 communicantes
1000 1104 1063 1151 tres
1094 1092 1255 1173 ganglion
1283 1088 1414 1171 spinale
1435 1083 1619 1170 septimum
1647 1085 1744 1161 colli,
1775 1099 1809 1150 et
1837 1086 2000 1174 ganglion

563 1171 770 1233 thoracicum
792 1177 940 1255 primum
963 1179 1064 1238 nervi
1085 1173 1284 1257 sympathici
1300 1176 1560 1248 intercedentes,
1584 1171 1643 1252 qui
1662 1186 1776 1253 aperte
1795 1194 1871 1236 cum
1887 1176 2000 1241 radice

561 1258 751 1339 posteriore
773 1259 874 1322 nervi
903 1258 1042 1340 spinalis
1072 1275 1209 1324 coeunt.
1259 1259 1427 1325 Anterior
1453 1258 1646 1324 extremitas
1675 1258 1800 1319 horum
1826 1281 2000 1324 ramorum

566 1342 658 1413 haud
678 1346 787 1404 statim
816 1345 952 1426 ganglio
976 1345 1145 1407 thoracico
1169 1344 1297 1426 primo,
1318 1348 1378 1409 sed
1400 1346 1438 1407 in
1466 1360 1644 1426 praesente
1669 1363 1746 1404 casu
1770 1343 1883 1424 potius
1904 1368 1998 1409 ramo

562 1426 841 1525 communicanti,
866 1450 884 1491 e
906 1429 978 1511 pari
1005 1452 1194 1494 nervorum
1218 1430 1436 1496 cervicalium
1463 1429 1582 1512 quinto
1606 1443 1640 1493 et
1663 1443 1757 1492 sexto
1779 1430 1924 1511 prolato,
1947 1432 2000 1493 ad·

559 1513 723 1595 jungitur.
1061 1537 1065 1552 ²
1278 1574 1290 1594 χ,
1375 1552 1379 1558 -
1459 1574 1462 1581 ,

507 1639 515 1658 .
559 1600 686 1661 Ramus
715 1593 968 1659 communicans
998 1597 1160 1680 ganglion
1190 1596 1321 1680 spinale
1355 1596 1436 1659 colli
1470 1609 1630 1660 octavum
1665 1610 1699 1661 et
1725 1617 1756 1680 g.
1792 1597 2000 1662 thoracicum

563 1686 711 1767 primum
733 1704 766 1743 n.
791 1681 990 1763 sympathici
1014 1684 1237 1767 conjungens.
1282 1683 1450 1747 Cohaeret
1470 1681 1564 1745 hicce
1586 1702 1698 1744 ramus
1721 1685 1898 1746 manifesto
1922 1707 2001 1748 curn
2070 1678 2072 1682 ¹

565 1766 751 1850 posteriore
779 1767 892 1829 radice
921 1767 1058 1848 spinalis
1089 1770 1188 1832 nervi
1218 1769 1342 1852 pariter
1371 1790 1409 1831 ac
1438 1786 1516 1830 cum
1544 1767 1722 1831 anteriore.
1749 1802 1793 1818 -
1838 1770 1999 1833 Surculus

563 1854 665 1934 hujus
694 1850 777 1915 rami
806 1855 969 1933 gauglion
997 1854 1205 1916 thoracicum
1231 1854 1379 1937 primum
1405 1853 1629 1935 praeteriens,
1658 1875 1790 1916 ramum
1815 1859 2001 1918 communi·

566 1954 696 2037 cantem
718 1936 879 2019 ganglion
902 1941 1065 2001 cervicale
1085 1940 1228 2004 inferius
1249 1955 1424 2023 petentem
1446 1941 1530 2014 adit,
1558 1941 1602 2000 ita
1624 1953 1662 2001 ut
1682 1939 1765 2002 huic
1787 1943 1924 2005 tandem
1946 1942 2001 2004 ad·

562 2038 750 2086 nusceatur.
1644 2083 1648 2091 .

508 2157 517 2176 .
560 2111 644 2170 Du'o
666 2107 749 2169 rami
773 2105 1071 2182 communicantes,
1093 2129 1242 2170 nervum
1258 2106 1426 2190 ‘spinalem
1441 2108 1609 2169 dorsalem
1625 2104 1773 2188 primum
1791 2121 1825 2171 et
1838 2108 2000 2192 ganglion
2023 2175 2025 2178 Α

554 2195 770 2257 ‘thoracicum
794 2193 939 2273 primum
963 2214 996 2253 n.
1020 2193 1217 2274 sympathici
1237 2209 1487 2257 connectentes.
1532 2192 1690 2278 Quorum
1709 2194 1794 2255 alter
1814 2187 1933 2275 maiori
1956 2217 2000 2261 ex

564 2296 658 2362 parte
682 2280 721 2338 ab
745 2277 914 2340 anteriore
937 2278 1048 2340 radice
1072 2281 1208 2359 spinalis
1231 2281 1332 2342 nervi
1352 2282 1486 2362 genitus
1501 2296 1576 2340 esse
1600 2278 1755 2350 videtur;
1779 2280 1863 2342 alter
1885 2296 1999 2344 autem

563 2386 636 2427 non
657 2366 769 2424 solum
791 2362 828 2423 in
852 2377 992 2442 utraque
1015 2363 1206 2439 commixta,
1230 2367 1291 2428 sed
1309 2365 1419 2426 adhuc
1440 2363 1546 2443 (quod
1568 2362 1735 2425 rarissime
1758 2382 1839 2427 sane
1863 2366 1997 2446 evenit)
2088 2421 2090 2427 .
2143 2407 2150 2419 ·

564 2451 600 2512 in
622 2470 716 2510 ramo
740 2470 759 2511 e
782 2469 890 2509 nervo
914 2447 1036 2529 spinali
1059 2451 1185 2510 dorsali
1212 2451 1365 2512 secundo
1391 2451 1432 2509 ad
1454 2448 1599 2529 primum
1624 2464 1830 2528 transgresso
1854 2453 1928 2529 (32)
1951 2473 1998 2514 ra·

564 2535 702 2596 dicatur.
745 2533 903 2614 Uterque
926 2552 1037 2594 ramus
1060 2534 1195 2616 ganglio
1219 2535 1387 2596 thoracico
1410 2533 1520 2615 primo
1547 2555 1581 2594 n.
1604 2533 1803 2615 sympathici
1825 2537 1998 2618 prospicit.

444 2626 446 2631 '
509 2668 519 2691 .
561 2623 689 2682 Ramus
712 2619 965 2680 communicans
989 2640 1066 2680 cum
1088 2641 1199 2681 nervo
1222 2619 1430 2702 sympathico
1447 2618 1625 2690 solitarius,
1650 2640 1752 2698 quem
1776 2621 1845 2682 edit
1868 2642 1998 2686 nervus

565 2704 702 2787 spinalis
726 2704 866 2765 dorsalis
889 2705 1068 2766 secundus.
1113 2706 1156 2766 Id
1179 2705 1351 2787 singulare
1374 2704 1411 2766 in
1433 2704 1500 2765 hoc
1520 2703 1703 2784 reperitur,
1731 2718 1862 2766 utnon
1884 2709 1998 2770 solum

565 2793 725 2873 ganglion
759 2789 965 2850 thoracicum
988 2792 1174 2852 secundum
1204 2812 1239 2853 n.
1268 2789 1467 2873 sympathici
1488 2789 1580 2850 haud
1605 2789 1769 2850 continuo
1793 2792 1905 2867 adeat,
1936 2796 2000 2857 sed

564 2879 649 2939 trabi
672 2874 934 2937 communicanti
959 2875 1024 2936 hoc
1055 2889 1088 2938 et
1117 2878 1276 2957 ganglion
1305 2877 1511 2936 thoracicum
1538 2874 1686 2955 primum
1712 2874 1802 2939 inter
1822 2875 1998 2954 inseratur,

564 2963 607 3025 ad
634 2961 782 3043 primum
803 2960 965 3043 ganglion
991 2961 1154 3042 imprimis
1183 2961 1361 3023 inclinans.
1413 2962 1492 3047 Quo
1525 2961 1635 3021 adhuc
1669 2961 1815 3035 accedit,
1844 2978 1881 3025 ut
1909 2979 1998 3027 ante·

565 3069 666 3128 quam
687 3046 897 3130 ingrediatur
919 3047 1046 3109 hancce
1070 3050 1208 3121 trabem,
1232 3062 1360 3111 tumeat
1384 3062 1416 3108 et
1439 3047 1599 3128 ganglion
1622 3067 1743 3108 verum
1767 3047 1894 3112 efficiat.

509 3177 517 3197 .
559 3136 645 3197 Tres
670 3133 956 3194 communicantes
979 3134 1063 3193 rami
1084 3153 1104 3195 e
1126 3154 1236 3195 nervo
1260 3133 1383 3214 spinali
1404 3131 1529 3193 dorsali
1554 3129 1663 3194 tertio.
1708 3134 1806 3194 Prior
1828 3149 1861 3195 et
1881 3131 1999 3199 secun-

566 3221 629 3281 dus
651 3234 807 3279 truncum
829 3216 929 3280 nervi
951 3217 1150 3299 sympathici
1170 3233 1203 3281 et
1219 3220 1451 3282 rudimentum
1474 3220 1561 3279 exile
1583 3216 1707 3298 ganglii
1727 3217 1887 3282 thoracici
1909 3222 1998 3287 tertii

561 3318 693 3384 petunt,
716 3302 832 3364 tertius
854 3301 989 3378 ganglio
1013 3303 1180 3363 thoracico
1203 3320 1331 3378 quarto,
1353 3303 1455 3360 solito
1477 3302 1607 3376 majori,
1628 3302 1797 3363 inseritur.
1860 3298 1880 3311 '¹

509 3429 518 3448 .
559 3385 689 3446 Ramus
713 3384 966 3444 communicans
989 3402 1009 3444 e
1031 3402 1139 3443 nervo
1162 3382 1284 3463 spinali
1309 3384 1434 3458 dorsali
1456 3398 1584 3462 quarto,
1606 3386 1766 3467 ganglion
1789 3385 1999 3456 thoracicum

564 3492 598 3531 n.
623 3468 820 3551 sympathici
843 3482 997 3548 quartum
1021 3470 1191 3529 accedens.
1812 3482 1814 3486 ’

510 3601 518 3620 .
560 3557 644 3617 Duo
668 3554 751 3616 rami
775 3554 1060 3614 communicantes
1082 3575 1100 3615 e
1122 3575 1230 3614 nervo
1255 3549 1380 3612 dorsali
1402 3548 1521 3632 quinto
1546 3551 1588 3612 ad
1608 3550 1768 3635 ganglion
1791 3552 2000 3625 thoracicum

563 3663 598 3703 n.
620 3639 817 3722 sympathici
840 3637 995 3719 quintum
1019 3638 1286 3720 progredientes.

510 3773 519 3790 .
561 3727 705 3806 Duplex
726 3742 837 3787 ramus
862 3723 1172 3800 communicans,.e
1195 3719 1318 3805 spinali
1340 3741 1450 3784 nervo
1475 3719 1600 3782 dorsali
1624 3737 1719 3785 sexto
1741 3717 1903 3808 ganglion
1925 3726 1999 3792 tho-

563 3812 709 3874 racicum
732 3823 863 3872 sextum
887 3808 1014 3873 adiens.

510 3944 518 3961 .
565 3895 665 3959 Rami
696 3894 982 3956 communicantes
1014 3894 1084 3955 duo
1115 3914 1134 3957 e
1160 3912 1268 3954 nervo
1302 3891 1425 3972 spinali
1455 3890 1578 3953 dorsali
1600 3888 1743 3972 septimo
1772 3906 1930 3956 truncum
1962 3918 1998 3960 n.

565 3980 762 4064 sympathici
787 3981 930 4061 ejusque
953 3982 1115 4061 ganglion
1138 3978 1345 4040 thoracicurn
1367 3977 1550 4058 septimum
1573 3977 1816 4058 aggredientes.

510 4115 518 4132 .
561 4069 705 4149 Duplex
727 4087 838 4128 ramus
861 4066 1115 4128 communicans
1137 4085 1155 4126 e
1177 4086 1287 4127 nervo
1312 4063 1436 4123 dorsali
1460 4077 1583 4124 octavo
1609 4063 1651 4122 ad
1672 4062 1835 4146 ganglion
1858 4061 1999 4127 thoraci-

566 4176 643 4216 cum
665 4175 698 4215 n.
722 4152 921 4236 sympathici
944 4157 1101 4213 octavu'tn
1125 4150 1340 4232 perveniens.

512 4283 520 4300 .
564 4241 701 4303 Nervus
745 4237 883 4322 spinalis
927 4238 1011 4300 colli
1050 4238 1228 4319 septimus,
1270 4257 1313 4299 ex
1344 4231 1520 4312 utriusque
1550 4228 1671 4293 radicis
1716 4230 1891 4294 connubio
1925 4255 2001 4316 pro·

565 4329 708 4408 genitus.

466 4425 521 4491 30.
564 4412 702 4474 Nervus
725 4408 862 4493 spinalis
884 4407 963 4470 colli
987 4422 1125 4470 octavus
1150 4408 1191 4469 ad
1210 4405 1358 4489 primum
1380 4405 1550 4466 dorsalem
1572 4419 1730 4482 vergens.

510 4540 519 4559 .
563 4498 690 4558 Ramus
710 4496 846 4580 spinalis
870 4495 1010 4555 dorsalis
1032 4496 1171 4574 primus.

511 4628 520 4642 .
564 4583 691 4644 Ramus
714 4605 733 4646 e
757 4603 866 4646 nervo
891 4581 1014 4661 spinali
1035 4579 1159 4642 dorsali
1180 4575 1333 4640 secundo
1355 4573 1502 4656 primum
1525 4573 1695 4634 dorsalem
1715 4591 1860 4633 nervum
1882 4568 1928 4632 ita
1948 4591 1999 4653 ag-

567 4670 735 4749 grediens,
773 4683 811 4729 ut
833 4681 919 4729 arcta
935 4664 1129 4748 conjunctio
1152 4663 1328 4742 utriusque
1345 4663 1410 4736 fiat,
1434 4676 1467 4724 et
1489 4659 1652 4721 talimodo
1676 4657 1742 4720 hoc
1764 4658 1801 4719 in
1823 4677 1904 4719 casu
1923 4676 1999 4721 ner·

566 4775 632 4819 vus
658 4752 799 4818 dorsalis
819 4754 988 4816 secundus
1015 4755 1056 4816 ad
1077 4750 1295 4815 formandum
1316 4749 1457 4830 plexum
1478 4743 1682 4809 brachialem
1703 4744 1863 4810 conserat.
