<?xml version="1.0" encoding="UTF-8"?>
<!DOCTYPE html PUBLIC "-//W3C//DTD XHTML 1.0 Transitional//EN"
    "http://www.w3.org/TR/xhtml1/DTD/xhtml1-transitional.dtd">
<html xmlns="http://www.w3.org/1999/xhtml" xml:lang="en" lang="en">
 <head>
  <title>
</title>
<meta http-equiv="Content-Type" content="text/html;charset=utf-8" />
  <meta name='ocr-system' content='tesseract 3.04.00' />
  <meta name='ocr-capabilities' content='ocr_page ocr_carea ocr_par ocr_line ocrx_word'/>
</head>
<body>
  <div class='ocr_page' id='page_1' title='image "./decorporishuman00wutzgoog_0120.png"; bbox 0 0 4590 5858; ppageno 0'>
   <div class='ocr_carea' id='block_1_1' title="bbox 1696 677 1860 758">
    <p class='ocr_par' dir='ltr' id='par_1_1' title="bbox 1696 677 1860 758">
     <span class='ocr_line' id='line_1_1' title="bbox 1696 677 1860 758; baseline -0.006 -20"><span class='ocrx_word' id='word_1_1' title='bbox 1696 677 1699 682; x_wconf 85' lang='grc'><em>·</em></span> <span class='ocrx_word' id='word_1_2' title='bbox 1786 683 1860 758; x_wconf 75' lang='lat'><strong>¹⁰3</strong></span> 
     </span>
    </p>
   </div>
   <div class='ocr_carea' id='block_1_2' title="bbox 224 838 1855 3638">
    <p class='ocr_par' dir='ltr' id='par_1_2' title="bbox 229 838 1855 2425">
     <span class='ocr_line' id='line_1_2' title="bbox 235 838 1854 945; baseline 0.001 -27"><span class='ocrx_word' id='word_1_3' title='bbox 235 846 335 945; x_wconf 87' lang='lat' dir='ltr'><strong>plius</strong></span> <span class='ocrx_word' id='word_1_4' title='bbox 362 842 531 918; x_wconf 80' lang='lat' dir='ltr'><strong>inferiori</strong></span> <span class='ocrx_word' id='word_1_5' title='bbox 556 865 732 941; x_wconf 79' lang='lat' dir='ltr'><strong>apparere</strong></span> <span class='ocrx_word' id='word_1_6' title='bbox 755 840 863 913; x_wconf 78' lang='lat' dir='ltr'><strong>solet.</strong></span> <span class='ocrx_word' id='word_1_7' title='bbox 914 845 1022 914; x_wconf 77' lang='lat' dir='ltr'><strong>casus</strong></span> <span class='ocrx_word' id='word_1_8' title='bbox 1049 840 1128 928; x_wconf 87' lang='lat' dir='ltr'><strong>ille,</strong></span> <span class='ocrx_word' id='word_1_9' title='bbox 1155 864 1269 936; x_wconf 88' lang='lat' dir='ltr'><strong>quem</strong></span> <span class='ocrx_word' id='word_1_10' title='bbox 1294 838 1526 914; x_wconf 81' lang='lat' dir='ltr'><strong>delineatum</strong></span> <span class='ocrx_word' id='word_1_11' title='bbox 1551 839 1615 941; x_wconf 86' lang='lat' dir='ltr'><strong>lig.</strong></span> <span class='ocrx_word' id='word_1_12' title='bbox 1634 848 1854 919; x_wconf 80' lang='lat' dir='ltr'><strong>nostraVllI</strong></span> 
     </span>
     <span class='ocr_line' id='line_1_3' title="bbox 233 976 1855 1074; baseline 0.001 -19"><span class='ocrx_word' id='word_1_13' title='bbox 233 1008 316 1055; x_wconf 83' lang='lat' dir='ltr'><strong>nro.</strong></span> <span class='ocrx_word' id='word_1_14' title='bbox 342 1001 368 1074; x_wconf 88' lang='lat'><strong>9</strong></span> <span class='ocrx_word' id='word_1_15' title='bbox 395 982 563 1066; x_wconf 81' lang='lat' dir='ltr'>exhibet,</span> <span class='ocrx_word' id='word_1_16' title='bbox 589 977 745 1051; x_wconf 88' lang='lat' dir='ltr'><strong>filorum</strong></span> <span class='ocrx_word' id='word_1_17' title='bbox 771 976 901 1065; x_wconf 49' lang='lat' dir='ltr'><strong>trunci,</strong></span> <span class='ocrx_word' id='word_1_18' title='bbox 927 977 1035 1048; x_wconf 78' lang='lat' dir='ltr'><strong>nervi</strong></span> <span class='ocrx_word' id='word_1_19' title='bbox 1065 977 1290 1071; x_wconf 81' lang='lat' dir='ltr'><strong>sympathici</strong></span> <span class='ocrx_word' id='word_1_20' title='bbox 1321 999 1343 1046; x_wconf 91' lang='lat' dir='ltr'><strong>e</strong></span> <span class='ocrx_word' id='word_1_21' title='bbox 1374 977 1524 1074; x_wconf 81' lang='lat' dir='ltr'><strong>ganglio</strong></span> <span class='ocrx_word' id='word_1_22' title='bbox 1554 980 1732 1052; x_wconf 83' lang='lat' dir='ltr'><strong>cervicali</strong></span> <span class='ocrx_word' id='word_1_23' title='bbox 1762 982 1855 1056; x_wconf 84' lang='lat' dir='ltr'><strong>infe·</strong></span> 
     </span>
     <span class='ocr_line' id='line_1_4' title="bbox 233 1110 1855 1217; baseline 0.001 -29"><span class='ocrx_word' id='word_1_24' title='bbox 233 1119 327 1189; x_wconf 88' lang='lat' dir='ltr'><strong>riori</strong></span> <span class='ocrx_word' id='word_1_25' title='bbox 353 1114 605 1212; x_wconf 84' lang='lat' dir='ltr'><strong>provenientis</strong></span> <span class='ocrx_word' id='word_1_26' title='bbox 631 1111 714 1204; x_wconf 74' lang='lat'>(49)</span> <span class='ocrx_word' id='word_1_27' title='bbox 741 1133 1003 1209; x_wconf 88' lang='lat' dir='ltr'><strong>transgressum</strong></span> <span class='ocrx_word' id='word_1_28' title='bbox 1030 1136 1098 1206; x_wconf 90' lang='lat' dir='ltr'><strong>per</strong></span> <span class='ocrx_word' id='word_1_29' title='bbox 1122 1111 1300 1210; x_wconf 76' lang='lat' dir='ltr'><strong>ganglion</strong></span> <span class='ocrx_word' id='word_1_30' title='bbox 1323 1110 1509 1184; x_wconf 78' lang='lat' dir='ltr'><strong>cervicale</strong></span> <span class='ocrx_word' id='word_1_31' title='bbox 1530 1110 1720 1204; x_wconf 80' lang='lat' dir='ltr'><strong>infimum,</strong></span> <span class='ocrx_word' id='word_1_32' title='bbox 1744 1118 1791 1189; x_wconf 84' lang='lat' dir='ltr'><strong>ad</strong></span> <span class='ocrx_word' id='word_1_33' title='bbox 1816 1142 1855 1217; x_wconf 83' lang='lat' dir='ltr'><strong>g.</strong></span> 
     </span>
     <span class='ocr_line' id='line_1_5' title="bbox 232 1244 1855 1346; baseline 0.003 -23"><span class='ocrx_word' id='word_1_34' title='bbox 232 1251 467 1323; x_wconf 86' lang='lat' dir='ltr'><strong>thoracicum</strong></span> <span class='ocrx_word' id='word_1_35' title='bbox 493 1251 658 1346; x_wconf 89' lang='lat' dir='ltr'><strong>primum</strong></span> <span class='ocrx_word' id='word_1_36' title='bbox 683 1247 918 1334; x_wconf 80' lang='lat' dir='ltr'><strong>tendentem,</strong></span> <span class='ocrx_word' id='word_1_37' title='bbox 949 1247 1032 1319; x_wconf 80' lang='lat' dir='ltr'><strong>satis</strong></span> <span class='ocrx_word' id='word_1_38' title='bbox 1065 1244 1237 1316; x_wconf 89' lang='lat' dir='ltr'><strong>distincte</strong></span> <span class='ocrx_word' id='word_1_39' title='bbox 1270 1261 1307 1315; x_wconf 90' lang='lat' dir='ltr'><strong>et</strong></span> <span class='ocrx_word' id='word_1_40' title='bbox 1339 1261 1423 1338; x_wconf 80' lang='lat' dir='ltr'><strong>epte</strong></span> <span class='ocrx_word' id='word_1_41' title='bbox 1457 1245 1697 1322; x_wconf 84' lang='lat' dir='ltr'><strong>demonstrat.</strong></span> <span class='ocrx_word' id='word_1_42' title='bbox 1758 1258 1855 1329; x_wconf 89' lang='lat' dir='ltr'><strong>Cum</strong></span> 
     </span>
     <span class='ocr_line' id='line_1_6' title="bbox 232 1376 1854 1481; baseline -0.004 -24"><span class='ocrx_word' id='word_1_43' title='bbox 232 1403 357 1457; x_wconf 78' lang='lat' dir='ltr'><strong>autem</strong></span> <span class='ocrx_word' id='word_1_44' title='bbox 384 1384 536 1457; x_wconf 86' lang='lat' dir='ltr'><strong>nervuli</strong></span> <span class='ocrx_word' id='word_1_45' title='bbox 563 1383 794 1481; x_wconf 82' lang='lat' dir='ltr'><strong>egredientes</strong></span> <span class='ocrx_word' id='word_1_46' title='bbox 821 1379 948 1475; x_wconf 56' lang='lat' dir='ltr'><strong>(mlv).</strong></span> <span class='ocrx_word' id='word_1_47' title='bbox 962 1376 1040 1470; x_wconf 76' lang='lat'><strong>48.)</strong></span> <span class='ocrx_word' id='word_1_48' title='bbox 1067 1379 1132 1451; x_wconf 76' lang='lat' dir='ltr'><strong>alii</strong></span> <span class='ocrx_word' id='word_1_49' title='bbox 1158 1381 1269 1452; x_wconf 83' lang='lat' dir='ltr'><strong>aliter</strong></span> <span class='ocrx_word' id='word_1_50' title='bbox 1286 1376 1500 1474; x_wconf 83' lang='lat' dir='ltr'><strong>procedant,</strong></span> <span class='ocrx_word' id='word_1_51' title='bbox 1523 1383 1613 1455; x_wconf 83' lang='lat' dir='ltr'><strong>hino</strong></span> <span class='ocrx_word' id='word_1_52' title='bbox 1632 1385 1734 1458; x_wconf 80' lang='lat' dir='ltr'><strong>varia</strong></span> <span class='ocrx_word' id='word_1_53' title='bbox 1753 1411 1854 1461; x_wconf 78' lang='lat' dir='ltr'><strong>com.</strong></span> 
     </span>
     <span class='ocr_line' id='line_1_7' title="bbox 232 1513 1853 1617; baseline 0.002 -25"><span class='ocrx_word' id='word_1_54' title='bbox 232 1520 370 1592; x_wconf 81' lang='lat' dir='ltr'><strong>mixtio</strong></span> <span class='ocrx_word' id='word_1_55' title='bbox 397 1534 434 1590; x_wconf 88' lang='lat' dir='ltr'><strong>et</strong></span> <span class='ocrx_word' id='word_1_56' title='bbox 460 1517 665 1589; x_wconf 80' lang='lat' dir='ltr'><strong>decussatio</strong></span> <span class='ocrx_word' id='word_1_57' title='bbox 691 1515 849 1589; x_wconf 78' lang='lat' dir='ltr'><strong>filorum</strong></span> <span class='ocrx_word' id='word_1_58' title='bbox 875 1518 1144 1589; x_wconf 86' lang='lat' dir='ltr'><strong>medullarium</strong></span> <span class='ocrx_word' id='word_1_59' title='bbox 1169 1514 1209 1585; x_wconf 88' lang='lat' dir='ltr'><strong>in</strong></span> <span class='ocrx_word' id='word_1_60' title='bbox 1235 1513 1317 1608; x_wconf 87' lang='lat' dir='ltr'><strong>ipso</strong></span> <span class='ocrx_word' id='word_1_61' title='bbox 1337 1513 1519 1587; x_wconf 87' lang='lat' dir='ltr'><strong>interiore</strong></span> <span class='ocrx_word' id='word_1_62' title='bbox 1539 1520 1691 1617; x_wconf 78' lang='lat' dir='ltr'><strong>ganglio</strong></span> <span class='ocrx_word' id='word_1_63' title='bbox 1712 1525 1853 1596; x_wconf 78' lang='lat' dir='ltr'><strong>exoris-</strong></span> 
     </span>
     <span class='ocr_line' id='line_1_8' title="bbox 230 1648 1852 1747; baseline 0.002 -18"><span class='ocrx_word' id='word_1_64' title='bbox 230 1676 294 1729; x_wconf 89' lang='lat' dir='ltr'><strong>tur</strong></span> <span class='ocrx_word' id='word_1_65' title='bbox 319 1678 468 1727; x_wconf 85' lang='lat' dir='ltr'><strong>necesse</strong></span> <span class='ocrx_word' id='word_1_66' title='bbox 493 1671 549 1724; x_wconf 90' lang='lat' dir='ltr'><strong>est</strong></span> <span class='ocrx_word' id='word_1_67' title='bbox 574 1650 624 1742; x_wconf 89' lang='lat' dir='ltr'><strong>(v.</strong></span> <span class='ocrx_word' id='word_1_68' title='bbox 648 1678 730 1726; x_wconf 82' lang='lat' dir='ltr'><strong>nro.</strong></span> <span class='ocrx_word' id='word_1_69' title='bbox 758 1651 822 1744; x_wconf 76' lang='grc'><strong>9.),</strong></span> <span class='ocrx_word' id='word_1_70' title='bbox 850 1687 898 1708; x_wconf 83' lang='lat'><strong>·-</strong></span> <span class='ocrx_word' id='word_1_71' title='bbox 956 1651 1178 1724; x_wconf 81' lang='lat' dir='ltr'><strong>Secunda-rin</strong></span> <span class='ocrx_word' id='word_1_72' title='bbox 1205 1648 1360 1747; x_wconf 84' lang='lat' dir='ltr'><strong>pulposa</strong></span> <span class='ocrx_word' id='word_1_73' title='bbox 1385 1650 1587 1724; x_wconf 74' lang='lat' dir='ltr'><strong>substantia</strong></span> <span class='ocrx_word' id='word_1_74' title='bbox 1611 1657 1653 1723; x_wconf 89' lang='lat' dir='ltr'><strong>in</strong></span> <span class='ocrx_word' id='word_1_75' title='bbox 1678 1659 1852 1732; x_wconf 89' lang='lat' dir='ltr'><strong>omnibus</strong></span> 
     </span>
     <span class='ocr_line' id='line_1_9' title="bbox 231 1756 1853 1884; baseline -0.001 -23"><span class='ocrx_word' id='word_1_76' title='bbox 231 1790 478 1862; x_wconf 83' lang='lat' dir='ltr'><strong>cervicalibus</strong></span> <span class='ocrx_word' id='word_1_77' title='bbox 502 1787 662 1884; x_wconf 84' lang='lat' dir='ltr'><strong>gangliis</strong></span> <span class='ocrx_word' id='word_1_78' title='bbox 686 1756 892 1861; x_wconf 85' lang='lat' dir='ltr'><strong>secundum</strong></span> <span class='ocrx_word' id='word_1_79' title='bbox 919 1812 1001 1858; x_wconf 86' lang='lat' dir='ltr'><strong>eam</strong></span> <span class='ocrx_word' id='word_1_80' title='bbox 1025 1784 1181 1882; x_wconf 89' lang='lat' dir='ltr'><strong>quidem</strong></span> <span class='ocrx_word' id='word_1_81' title='bbox 1207 1783 1402 1872; x_wconf 78' lang='lat' dir='ltr'><strong>rationem,</strong></span> <span class='ocrx_word' id='word_1_82' title='bbox 1428 1808 1540 1879; x_wconf 84' lang='lat' dir='ltr'><strong>quam</strong></span> <span class='ocrx_word' id='word_1_83' title='bbox 1565 1784 1595 1876; x_wconf 80' lang='lat'><strong>§·</strong></span> <span class='ocrx_word' id='word_1_84' title='bbox 1610 1792 1729 1860; x_wconf 88' lang='lat' dir='ltr'>XLIV</span> <span class='ocrx_word' id='word_1_85' title='bbox 1755 1811 1793 1865; x_wconf 89' lang='lat' dir='ltr'><strong>et</strong></span> <span class='ocrx_word' id='word_1_86' title='bbox 1817 1792 1853 1884; x_wconf 54' lang='grc' dir='ltr'><strong>ᾗ,</strong></span> 
     </span>
     <span class='ocr_line' id='line_1_10' title="bbox 229 1917 1852 2026; baseline -0.001 -30"><span class='ocrx_word' id='word_1_87' title='bbox 229 1930 385 1997; x_wconf 84' lang='lat' dir='ltr'><strong>XLVlll</strong></span> <span class='ocrx_word' id='word_1_88' title='bbox 410 1923 557 2009; x_wconf 89' lang='lat' dir='ltr'><strong>docent,</strong></span> <span class='ocrx_word' id='word_1_89' title='bbox 581 1923 763 1996; x_wconf 80' lang='lat' dir='ltr'><strong>collocata</strong></span> <span class='ocrx_word' id='word_1_90' title='bbox 788 1942 856 1999; x_wconf 82' lang='lat' dir='ltr'><strong>est.</strong></span> <span class='ocrx_word' id='word_1_91' title='bbox 906 1923 1010 1994; x_wconf 84' lang='lat' dir='ltr'><strong>Huic</strong></span> <span class='ocrx_word' id='word_1_92' title='bbox 1035 1939 1161 1992; x_wconf 80' lang='lat' dir='ltr'><strong>autem</strong></span> <span class='ocrx_word' id='word_1_93' title='bbox 1188 1940 1275 1988; x_wconf 89' lang='lat' dir='ltr'><strong>cum</strong></span> <span class='ocrx_word' id='word_1_94' title='bbox 1300 1917 1501 1992; x_wconf 80' lang='lat' dir='ltr'><strong>substantio</strong></span> <span class='ocrx_word' id='word_1_95' title='bbox 1518 1923 1674 2018; x_wconf 76' lang='lat' dir='ltr'><strong>pulposis</strong></span> <span class='ocrx_word' id='word_1_96' title='bbox 1685 1928 1852 2026; x_wconf 77' lang='lat' dir='ltr'><strong>ganglio.</strong></span> 
     </span>
     <span class='ocr_line' id='line_1_11' title="bbox 229 2050 1854 2157; baseline 0.001 -24"><span class='ocrx_word' id='word_1_97' title='bbox 229 2085 316 2133; x_wconf 88' lang='lat' dir='ltr'><strong>rum</strong></span> <span class='ocrx_word' id='word_1_98' title='bbox 342 2057 633 2143; x_wconf 83' lang='lat' dir='ltr'><strong>thoracicorum,</strong></span> <span class='ocrx_word' id='word_1_99' title='bbox 657 2057 886 2128; x_wconf 86' lang='lat' dir='ltr'><strong>lumbalium</strong></span> <span class='ocrx_word' id='word_1_100' title='bbox 912 2055 1173 2128; x_wconf 74' lang='lat' dir='ltr'><strong>etsocrnlium</strong></span> <span class='ocrx_word' id='word_1_101' title='bbox 1199 2050 1383 2146; x_wconf 76' lang='lat' dir='ltr'><strong>quaedam</strong></span> <span class='ocrx_word' id='word_1_102' title='bbox 1408 2058 1622 2131; x_wconf 83' lang='lat' dir='ltr'><strong>communia</strong></span> <span class='ocrx_word' id='word_1_103' title='bbox 1641 2076 1739 2149; x_wconf 82' lang='lat' dir='ltr'><strong>sunt,</strong></span> <span class='ocrx_word' id='word_1_104' title='bbox 1755 2084 1854 2157; x_wconf 71' lang='lat' dir='ltr'><strong>qum</strong></span> 
     </span>
     <span class='ocr_line' id='line_1_12' title="bbox 229 2184 1296 2284; baseline -0.012 -15"><span class='ocrx_word' id='word_1_105' title='bbox 229 2197 370 2269; x_wconf 87' lang='lat' dir='ltr'><strong>horum</strong></span> <span class='ocrx_word' id='word_1_106' title='bbox 396 2189 644 2284; x_wconf 83' lang='lat' dir='ltr'><strong>descriptione</strong></span> <span class='ocrx_word' id='word_1_107' title='bbox 671 2188 790 2276; x_wconf 78' lang='lat' dir='ltr'><strong>linita,</strong></span> <span class='ocrx_word' id='word_1_108' title='bbox 815 2190 938 2264; x_wconf 81' lang='lat' dir='ltr'><strong>adhuc</strong></span> <span class='ocrx_word' id='word_1_109' title='bbox 963 2184 1149 2260; x_wconf 82' lang='lat' dir='ltr'><strong>monenda</strong></span> <span class='ocrx_word' id='word_1_110' title='bbox 1175 2201 1296 2259; x_wconf 88' lang='lat' dir='ltr'><strong>erunt.</strong></span> 
     </span>
     <span class='ocr_line' id='line_1_13' title="bbox 886 2320 1285 2425; baseline -0.015 -30"><span class='ocrx_word' id='word_1_111' title='bbox 886 2320 919 2416; x_wconf 71' lang='lat' dir='ltr'><strong>s.</strong></span> <span class='ocrx_word' id='word_1_112' title='bbox 969 2324 1189 2395; x_wconf 80' lang='lat' dir='ltr'><strong>Lxxxvn.</strong></span> <span class='ocrx_word' id='word_1_113' title='bbox 1274 2404 1285 2425; x_wconf 86' lang='lat'><strong>.</strong></span> 
     </span>
    </p>

    <p class='ocr_par' dir='ltr' id='par_1_3' title="bbox 762 2453 1320 2549">
     <span class='ocr_line' id='line_1_14' title="bbox 762 2453 1320 2549; baseline -0.005 -27"><span class='ocrx_word' id='word_1_114' title='bbox 762 2453 911 2549; x_wconf 82' lang='lat' dir='ltr'><strong>Gonglio</strong></span> <span class='ocrx_word' id='word_1_115' title='bbox 937 2455 1107 2526; x_wconf 73' lang='lat' dir='ltr'><strong>rhetorico</strong></span> <span class='ocrx_word' id='word_1_116' title='bbox 1131 2453 1166 2521; x_wconf 82' lang='lat' dir='ltr'><strong>in</strong></span> <span class='ocrx_word' id='word_1_117' title='bbox 1186 2473 1320 2544; x_wconf 78' lang='lat' dir='ltr'><strong>genere.</strong></span> 
     </span>
    </p>

    <p class='ocr_par' dir='ltr' id='par_1_4' title="bbox 225 2589 1851 3345">
     <span class='ocr_line' id='line_1_15' title="bbox 376 2589 1851 2687; baseline 0.004 -21"><span class='ocrx_word' id='word_1_118' title='bbox 376 2596 530 2666; x_wconf 82' lang='lat' dir='ltr'><strong>Horum</strong></span> <span class='ocrx_word' id='word_1_119' title='bbox 555 2590 711 2687; x_wconf 90' lang='lat' dir='ltr'><strong>quidem</strong></span> <span class='ocrx_word' id='word_1_120' title='bbox 737 2592 878 2666; x_wconf 83' lang='lat' dir='ltr'><strong>fabrica</strong></span> <span class='ocrx_word' id='word_1_121' title='bbox 904 2593 1061 2664; x_wconf 86' lang='lat' dir='ltr'><strong>interior</strong></span> <span class='ocrx_word' id='word_1_122' title='bbox 1087 2589 1262 2662; x_wconf 90' lang='lat' dir='ltr'><strong>omnibus</strong></span> <span class='ocrx_word' id='word_1_123' title='bbox 1289 2608 1366 2661; x_wconf 79' lang='lat' dir='ltr'><strong>tum</strong></span> <span class='ocrx_word' id='word_1_124' title='bbox 1391 2589 1525 2663; x_wconf 87' lang='lat' dir='ltr'><strong>similis</strong></span> <span class='ocrx_word' id='word_1_125' title='bbox 1551 2610 1616 2681; x_wconf 84' lang='lat' dir='ltr'><strong>est,</strong></span> <span class='ocrx_word' id='word_1_126' title='bbox 1634 2612 1851 2673; x_wconf 76' lang='lat' dir='ltr'><strong>utentem</strong></span> 
     </span>
     <span class='ocr_line' id='line_1_16' title="bbox 226 2725 1851 2829; baseline 0.002 -24"><span class='ocrx_word' id='word_1_127' title='bbox 226 2731 359 2829; x_wconf 80' lang='lat' dir='ltr'><strong>figura,</strong></span> <span class='ocrx_word' id='word_1_128' title='bbox 384 2748 422 2800; x_wconf 90' lang='lat' dir='ltr'><strong>et</strong></span> <span class='ocrx_word' id='word_1_129' title='bbox 447 2753 650 2801; x_wconf 80' lang='lat' dir='ltr'><strong>nervorum</strong></span> <span class='ocrx_word' id='word_1_130' title='bbox 675 2725 799 2801; x_wconf 80' lang='lat' dir='ltr'><strong>varius</strong></span> <span class='ocrx_word' id='word_1_131' title='bbox 824 2729 1008 2824; x_wconf 88' lang='lat' dir='ltr'><strong>ingressus</strong></span> <span class='ocrx_word' id='word_1_132' title='bbox 1031 2744 1142 2822; x_wconf 73' lang='lat' dir='ltr'><strong>utque</strong></span> <span class='ocrx_word' id='word_1_133' title='bbox 1168 2749 1334 2822; x_wconf 83' lang='lat' dir='ltr'><strong>egressus</strong></span> <span class='ocrx_word' id='word_1_134' title='bbox 1359 2752 1441 2799; x_wconf 90' lang='lat' dir='ltr'><strong>rem</strong></span> <span class='ocrx_word' id='word_1_135' title='bbox 1465 2729 1592 2801; x_wconf 90' lang='lat' dir='ltr'><strong>solum</strong></span> <span class='ocrx_word' id='word_1_136' title='bbox 1615 2750 1749 2805; x_wconf 86' lang='lat' dir='ltr'><strong>mutet.</strong></span> <span class='ocrx_word' id='word_1_137' title='bbox 1799 2742 1851 2808; x_wconf 86' lang='lat' dir='ltr'><strong>Ut</strong></span> 
     </span>
     <span class='ocr_line' id='line_1_17' title="bbox 226 2861 1850 2957; baseline 0.003 -21"><span class='ocrx_word' id='word_1_138' title='bbox 226 2891 319 2938; x_wconf 81' lang='lat' dir='ltr'><strong>vero</strong></span> <span class='ocrx_word' id='word_1_139' title='bbox 344 2880 569 2937; x_wconf 75' lang='lat' dir='ltr'><strong>structurum</strong></span> <span class='ocrx_word' id='word_1_140' title='bbox 592 2887 663 2957; x_wconf 88' lang='lat' dir='ltr'><strong>pro</strong></span> <span class='ocrx_word' id='word_1_141' title='bbox 688 2863 831 2934; x_wconf 89' lang='lat' dir='ltr'><strong>viribus</strong></span> <span class='ocrx_word' id='word_1_142' title='bbox 858 2861 908 2934; x_wconf 92' lang='lat' dir='ltr'><strong>ob</strong></span> <span class='ocrx_word' id='word_1_143' title='bbox 934 2864 1062 2934; x_wconf 89' lang='lat' dir='ltr'><strong>oculos</strong></span> <span class='ocrx_word' id='word_1_144' title='bbox 1088 2884 1282 2956; x_wconf 89' lang='lat' dir='ltr'><strong>ponerem,</strong></span> <span class='ocrx_word' id='word_1_145' title='bbox 1308 2863 1456 2956; x_wconf 80' lang='lat' dir='ltr'><strong>ganglia</strong></span> <span class='ocrx_word' id='word_1_146' title='bbox 1482 2864 1668 2936; x_wconf 83' lang='lat' dir='ltr'><strong>thoracics</strong></span> <span class='ocrx_word' id='word_1_147' title='bbox 1694 2885 1779 2939; x_wconf 86' lang='lat' dir='ltr'><strong>octo</strong></span> <span class='ocrx_word' id='word_1_148' title='bbox 1791 2894 1850 2941; x_wconf 90' lang='lat' dir='ltr'><strong>su·</strong></span> 
     </span>
     <span class='ocr_line' id='line_1_18' title="bbox 226 2993 1848 3098; baseline 0.003 -27"><span class='ocrx_word' id='word_1_149' title='bbox 226 3001 375 3098; x_wconf 76' lang='lat' dir='ltr'><strong>periore</strong></span> <span class='ocrx_word' id='word_1_150' title='bbox 400 2995 601 3092; x_wconf 84' lang='lat' dir='ltr'><strong>diligenter</strong></span> <span class='ocrx_word' id='word_1_151' title='bbox 627 2994 673 3064; x_wconf 78' lang='lat' dir='ltr'><strong>od</strong></span> <span class='ocrx_word' id='word_1_152' title='bbox 697 3015 869 3069; x_wconf 82' lang='lat' dir='ltr'><strong>naturam</strong></span> <span class='ocrx_word' id='word_1_153' title='bbox 894 2993 1129 3092; x_wconf 74' lang='lat' dir='ltr'><strong>depingendo</strong></span> <span class='ocrx_word' id='word_1_154' title='bbox 1154 2995 1292 3082; x_wconf 78' lang='lat' dir='ltr'><strong>cirravi,</strong></span> <span class='ocrx_word' id='word_1_155' title='bbox 1317 3019 1412 3089; x_wconf 82' lang='lat' dir='ltr'><strong>quae</strong></span> <span class='ocrx_word' id='word_1_156' title='bbox 1437 2995 1503 3092; x_wconf 82' lang='lat' dir='ltr'><strong>fig.</strong></span> <span class='ocrx_word' id='word_1_157' title='bbox 1529 3002 1615 3068; x_wconf 88' lang='lat' dir='ltr'>VIII</span> <span class='ocrx_word' id='word_1_158' title='bbox 1640 3024 1721 3072; x_wconf 81' lang='lat' dir='ltr'><strong>nro.</strong></span> <span class='ocrx_word' id='word_1_159' title='bbox 1741 3019 1785 3071; x_wconf 87' lang='lat' dir='ltr'><strong>ro</strong></span> <span class='ocrx_word' id='word_1_160' title='bbox 1800 3002 1848 3075; x_wconf 81' lang='lat' dir='ltr'><strong>sd</strong></span> 
     </span>
     <span class='ocr_line' id='line_1_19' title="bbox 231 3128 1849 3231; baseline 0.004 -26"><span class='ocrx_word' id='word_1_161' title='bbox 231 3148 275 3221; x_wconf 75' lang='lat'><strong>18</strong></span> <span class='ocrx_word' id='word_1_162' title='bbox 303 3134 542 3207; x_wconf 78' lang='lat' dir='ltr'><strong>demonstrat.</strong></span> <span class='ocrx_word' id='word_1_163' title='bbox 603 3134 724 3225; x_wconf 79' lang='lat' dir='ltr'><strong>Qusm</strong></span> <span class='ocrx_word' id='word_1_164' title='bbox 750 3130 906 3226; x_wconf 86' lang='lat' dir='ltr'><strong>quidem</strong></span> <span class='ocrx_word' id='word_1_165' title='bbox 930 3128 1137 3227; x_wconf 52' lang='lat' dir='ltr'><strong>figuram?</strong></span> <span class='ocrx_word' id='word_1_166' title='bbox 1143 3128 1175 3201; x_wconf 86' lang='lat' dir='ltr'><strong>si</strong></span> <span class='ocrx_word' id='word_1_167' title='bbox 1200 3147 1368 3203; x_wconf 74' lang='lat' dir='ltr'><strong>accurate</strong></span> <span class='ocrx_word' id='word_1_168' title='bbox 1394 3131 1627 3226; x_wconf 78' lang='lat' dir='ltr'><strong>inspexeris,</strong></span> <span class='ocrx_word' id='word_1_169' title='bbox 1655 3139 1849 3231; x_wconf 86' lang='lat' dir='ltr'><strong>sequentis</strong></span> 
     </span>
     <span class='ocr_line' id='line_1_20' title="bbox 225 3269 543 3345; baseline -0.016 -1"><span class='ocrx_word' id='word_1_170' title='bbox 225 3269 299 3345; x_wconf 79' lang='lat' dir='ltr'><strong>tibi</strong></span> <span class='ocrx_word' id='word_1_171' title='bbox 325 3285 543 3341; x_wconf 84' lang='lat' dir='ltr'><strong>occurrent:</strong></span> 
     </span>
    </p>

    <p class='ocr_par' dir='ltr' id='par_1_5' title="bbox 224 3397 1847 3638">
     <span class='ocr_line' id='line_1_21' title="bbox 380 3397 1847 3496; baseline 0.005 -22"><span class='ocrx_word' id='word_1_172' title='bbox 380 3401 507 3474; x_wconf 88' lang='lat' dir='ltr'><strong>Cuivis</strong></span> <span class='ocrx_word' id='word_1_173' title='bbox 533 3399 685 3496; x_wconf 82' lang='lat' dir='ltr'><strong>genglio</strong></span> <span class='ocrx_word' id='word_1_174' title='bbox 711 3399 899 3471; x_wconf 73' lang='lat' dir='ltr'><strong>thoracico</strong></span> <span class='ocrx_word' id='word_1_175' title='bbox 932 3399 1108 3492; x_wconf 83' lang='lat' dir='ltr'><strong>duplex</strong></span> <span class='ocrx_word' id='word_1_176' title='bbox 1138 3398 1252 3470; x_wconf 90' lang='lat' dir='ltr'><strong>ordo</strong></span> <span class='ocrx_word' id='word_1_177' title='bbox 1283 3397 1480 3473; x_wconf 83' lang='lat' dir='ltr'><strong>filorum</strong></span> <span class='ocrx_word' id='word_1_178' title='bbox 1511 3398 1847 3481; x_wconf 78' lang='lat' dir='ltr'><strong>medullarium</strong></span> 
     </span>
     <span class='ocr_line' id='line_1_22' title="bbox 224 3533 1846 3638; baseline 0.001 -27"><span class='ocrx_word' id='word_1_179' title='bbox 224 3536 560 3638; x_wconf 83' lang='lat' dir='ltr'><strong>principalium</strong></span> <span class='ocrx_word' id='word_1_180' title='bbox 585 3537 701 3620; x_wconf 87' lang='lat' dir='ltr'><strong>inest,</strong></span> <span class='ocrx_word' id='word_1_181' title='bbox 724 3555 885 3627; x_wconf 90' lang='lat' dir='ltr'><strong>quorum</strong></span> <span class='ocrx_word' id='word_1_182' title='bbox 910 3533 1113 3627; x_wconf 89' lang='lat' dir='ltr'><strong>primurn</strong></span> <span class='ocrx_word' id='word_1_183' title='bbox 1136 3548 1293 3604; x_wconf 85' lang='lat' dir='ltr'><strong>truncus</strong></span> <span class='ocrx_word' id='word_1_184' title='bbox 1319 3535 1426 3606; x_wconf 83' lang='lat' dir='ltr'><strong>nervi</strong></span> <span class='ocrx_word' id='word_1_185' title='bbox 1450 3534 1677 3629; x_wconf 79' lang='lat' dir='ltr'><strong>sympathici</strong></span> <span class='ocrx_word' id='word_1_186' title='bbox 1702 3562 1770 3630; x_wconf 88' lang='lat' dir='ltr'><strong>per</strong></span> <span class='ocrx_word' id='word_1_187' title='bbox 1790 3558 1846 3613; x_wconf 90' lang='lat' dir='ltr'><strong>to·</strong></span> 
     </span>
    </p>
   </div>
   <div class='ocr_carea' id='block_1_3' title="bbox 224 3665 1845 3769">
    <p class='ocr_par' dir='ltr' id='par_1_6' title="bbox 224 3665 1845 3769">
     <span class='ocr_line' id='line_1_23' title="bbox 224 3665 1845 3769; baseline -0.004 -23"><span class='ocrx_word' id='word_1_188' title='bbox 224 3693 302 3747; x_wconf 85' lang='lat' dir='ltr'><strong>tam</strong></span> <span class='ocrx_word' id='word_1_189' title='bbox 327 3673 472 3769; x_wconf 83' lang='lat' dir='ltr'><strong>spinam</strong></span> <span class='ocrx_word' id='word_1_190' title='bbox 497 3670 599 3741; x_wconf 86' lang='lat' dir='ltr'><strong>dorsi</strong></span> <span class='ocrx_word' id='word_1_191' title='bbox 625 3668 671 3741; x_wconf 79' lang='lat' dir='ltr'><strong>sd</strong></span> <span class='ocrx_word' id='word_1_192' title='bbox 697 3666 992 3764; x_wconf 86' lang='lat' dir='ltr'><strong>longitudinem,</strong></span> <span class='ocrx_word' id='word_1_193' title='bbox 1024 3665 1200 3761; x_wconf 81' lang='lat' dir='ltr'><strong>capitulis</strong></span> <span class='ocrx_word' id='word_1_194' title='bbox 1232 3683 1417 3740; x_wconf 75' lang='lat' dir='ltr'><strong>costarum</strong></span> <span class='ocrx_word' id='word_1_195' title='bbox 1447 3665 1593 3737; x_wconf 80' lang='lat' dir='ltr'><strong>vicinus</strong></span> <span class='ocrx_word' id='word_1_196' title='bbox 1625 3665 1845 3763; x_wconf 84' lang='lat' dir='ltr'><strong>decurrens,</strong></span> 
     </span>
    </p>
   </div>
   <div class='ocr_carea' id='block_1_4' title="bbox 133 3799 1844 4849">
    <p class='ocr_par' dir='ltr' id='par_1_7' title="bbox 133 3799 1844 4849">
     <span class='ocr_line' id='line_1_24' title="bbox 223 3799 1844 3908; baseline -0.002 -23"><span class='ocrx_word' id='word_1_197' title='bbox 223 3808 447 3908; x_wconf 77' lang='lat' dir='ltr'><strong>suppeditat,</strong></span> <span class='ocrx_word' id='word_1_198' title='bbox 464 3822 524 3860; x_wconf 74' lang='grc'><strong>’-</strong></span> <span class='ocrx_word' id='word_1_199' title='bbox 549 3806 747 3876; x_wconf 85' lang='lat' dir='ltr'><strong>alterum</strong></span> <span class='ocrx_word' id='word_1_200' title='bbox 772 3801 945 3874; x_wconf 82' lang='lat' dir='ltr'><strong>ordinem</strong></span> <span class='ocrx_word' id='word_1_201' title='bbox 977 3799 1118 3873; x_wconf 79' lang='lat' dir='ltr'><strong>radices</strong></span> <span class='ocrx_word' id='word_1_202' title='bbox 1148 3825 1304 3872; x_wconf 74' lang='lat' dir='ltr'><strong>uerrere</strong></span> <span class='ocrx_word' id='word_1_203' title='bbox 1339 3828 1361 3874; x_wconf 87' lang='lat' dir='ltr'><strong>e</strong></span> <span class='ocrx_word' id='word_1_204' title='bbox 1393 3800 1526 3899; x_wconf 91' lang='lat' dir='ltr'><strong>quovis</strong></span> <span class='ocrx_word' id='word_1_205' title='bbox 1557 3826 1675 3874; x_wconf 79' lang='lat' dir='ltr'><strong>nervo</strong></span> <span class='ocrx_word' id='word_1_206' title='bbox 1706 3807 1844 3901; x_wconf 80' lang='lat' dir='ltr'><strong>spinuli</strong></span> 
     </span>
     <span class='ocr_line' id='line_1_25' title="bbox 223 3933 1844 4038; baseline -0.004 -18"><span class='ocrx_word' id='word_1_207' title='bbox 223 3945 518 4020; x_wconf 75' lang='lat' dir='ltr'><strong>subministrant.</strong></span> <span class='ocrx_word' id='word_1_208' title='bbox 570 3946 673 4038; x_wconf 80' lang='lat' dir='ltr'><strong>Quae</strong></span> <span class='ocrx_word' id='word_1_209' title='bbox 697 3935 839 4033; x_wconf 91' lang='lat' dir='ltr'><strong>primi</strong></span> <span class='ocrx_word' id='word_1_210' title='bbox 865 3933 1045 4017; x_wconf 87' lang='lat' dir='ltr'><strong>ordinis</strong></span> <span class='ocrx_word' id='word_1_211' title='bbox 1070 3955 1170 4025; x_wconf 85' lang='lat' dir='ltr'><strong>sunt,</strong></span> <span class='ocrx_word' id='word_1_212' title='bbox 1193 3937 1293 4009; x_wconf 82' lang='lat' dir='ltr'><strong>viam</strong></span> <span class='ocrx_word' id='word_1_213' title='bbox 1309 3963 1378 4033; x_wconf 90' lang='lat' dir='ltr'><strong>per</strong></span> <span class='ocrx_word' id='word_1_214' title='bbox 1396 3934 1676 4033; x_wconf 86' lang='lat' dir='ltr'><strong>longitudinem</strong></span> <span class='ocrx_word' id='word_1_215' title='bbox 1689 3942 1844 4038; x_wconf 78' lang='lat' dir='ltr'><strong>ganglii,</strong></span> 
     </span>
     <span class='ocr_line' id='line_1_26' title="bbox 222 4071 1841 4179; baseline -0.001 -26"><span class='ocrx_word' id='word_1_216' title='bbox 222 4098 407 4179; x_wconf 80' lang='lat' dir='ltr'><strong>quantum</strong></span> <span class='ocrx_word' id='word_1_217' title='bbox 431 4077 527 4147; x_wconf 81' lang='lat' dir='ltr'><strong>lieri.</strong></span> <span class='ocrx_word' id='word_1_218' title='bbox 544 4093 675 4171; x_wconf 86' lang='lat' dir='ltr'><strong>potest,</strong></span> <span class='ocrx_word' id='word_1_219' title='bbox 699 4090 858 4146; x_wconf 80' lang='lat' dir='ltr'><strong>servant.</strong></span> <span class='ocrx_word' id='word_1_220' title='bbox 910 4071 1019 4166; x_wconf 81' lang='lat' dir='ltr'><strong>Quod</strong></span> <span class='ocrx_word' id='word_1_221' title='bbox 1036 4092 1297 4160; x_wconf 68' lang='lat' dir='ltr'><strong>autcnnneex</strong></span> <span class='ocrx_word' id='word_1_222' title='bbox 1307 4091 1388 4147; x_wconf 89' lang='lat' dir='ltr'><strong>toto</strong></span> <span class='ocrx_word' id='word_1_223' title='bbox 1400 4073 1488 4146; x_wconf 83' lang='lat' dir='ltr'><strong>fieri</strong></span> <span class='ocrx_word' id='word_1_224' title='bbox 1500 4072 1626 4166; x_wconf 80' lang='lat' dir='ltr'><strong>possit,</strong></span> <span class='ocrx_word' id='word_1_225' title='bbox 1647 4077 1841 4152; x_wconf 85' lang='lat' dir='ltr'><strong>secundi</strong></span> 
     </span>
     <span class='ocr_line' id='line_1_27' title="bbox 223 4205 1843 4308; baseline -0.001 -18"><span class='ocrx_word' id='word_1_226' title='bbox 223 4214 403 4290; x_wconf 85' lang='lat' dir='ltr'><strong>ordinis</strong></span> <span class='ocrx_word' id='word_1_227' title='bbox 428 4209 498 4281; x_wconf 79' lang='lat' dir='ltr'><strong>fila</strong></span> <span class='ocrx_word' id='word_1_228' title='bbox 521 4205 752 4303; x_wconf 84' lang='lat' dir='ltr'><strong>impediunt,</strong></span> <span class='ocrx_word' id='word_1_229' title='bbox 785 4232 880 4305; x_wconf 88' lang='lat' dir='ltr'><strong>quae</strong></span> <span class='ocrx_word' id='word_1_230' title='bbox 906 4232 928 4279; x_wconf 92' lang='lat' dir='ltr'><strong>e</strong></span> <span class='ocrx_word' id='word_1_231' title='bbox 953 4208 1078 4280; x_wconf 83' lang='lat' dir='ltr'><strong>nervis</strong></span> <span class='ocrx_word' id='word_1_232' title='bbox 1104 4209 1464 4283; x_wconf 79' lang='lat' dir='ltr'><strong>communicantibus</strong></span> <span class='ocrx_word' id='word_1_233' title='bbox 1489 4211 1665 4307; x_wconf 82' lang='lat' dir='ltr'><strong>ganglion</strong></span> <span class='ocrx_word' id='word_1_234' title='bbox 1689 4212 1737 4286; x_wconf 84' lang='lat' dir='ltr'><strong>ab</strong></span> <span class='ocrx_word' id='word_1_235' title='bbox 1762 4215 1843 4308; x_wconf 82' lang='lat' dir='ltr'><strong>ejus</strong></span> 
     </span>
     <span class='ocr_line' id='line_1_28' title="bbox 133 4343 1841 4442; baseline -0.002 -16"><span class='ocrx_word' id='word_1_236' title='bbox 133 4384 138 4403; x_wconf 75' lang='lat'><em>‚</em></span> <span class='ocrx_word' id='word_1_237' title='bbox 220 4356 340 4427; x_wconf 84' lang='lat' dir='ltr'><strong>latere</strong></span> <span class='ocrx_word' id='word_1_238' title='bbox 366 4346 544 4422; x_wconf 79' lang='lat' dir='ltr'><strong>inferiore</strong></span> <span class='ocrx_word' id='word_1_239' title='bbox 571 4357 726 4418; x_wconf 84' lang='lat' dir='ltr'><strong>externo</strong></span> <span class='ocrx_word' id='word_1_240' title='bbox 752 4343 1025 4442; x_wconf 79' lang='lat' dir='ltr'><strong>ingrediuntur.</strong></span> <span class='ocrx_word' id='word_1_241' title='bbox 1073 4348 1271 4441; x_wconf 86' lang='lat' dir='ltr'><strong>Egressum</strong></span> <span class='ocrx_word' id='word_1_242' title='bbox 1290 4345 1430 4416; x_wconf 89' lang='lat' dir='ltr'><strong>horum</strong></span> <span class='ocrx_word' id='word_1_243' title='bbox 1451 4366 1653 4417; x_wconf 82' lang='lat' dir='ltr'><strong>nervorum</strong></span> <span class='ocrx_word' id='word_1_244' title='bbox 1673 4370 1841 4421; x_wconf 69' lang='lat' dir='ltr'><strong>commu·</strong></span> 
     </span>
     <span class='ocr_line' id='line_1_29' title="bbox 218 4472 1839 4576; baseline -0.003 -17"><span class='ocrx_word' id='word_1_245' title='bbox 218 4472 475 4559; x_wconf 61' lang='lat' dir='ltr'><strong>minutionis</strong></span> <span class='ocrx_word' id='word_1_246' title='bbox 489 4500 634 4555; x_wconf 76' lang='lat' dir='ltr'><strong>&#39;nunno</strong></span> <span class='ocrx_word' id='word_1_247' title='bbox 658 4478 863 4551; x_wconf 80' lang='lat' dir='ltr'><strong>nervorum</strong></span> <span class='ocrx_word' id='word_1_248' title='bbox 888 4479 1089 4576; x_wconf 70' lang='lat' dir='ltr'><strong>spinolium</strong></span> <span class='ocrx_word' id='word_1_249' title='bbox 1113 4479 1196 4571; x_wconf 22' lang='lat' dir='ltr'><strong>jam,</strong></span> <span class='ocrx_word' id='word_1_250' title='bbox 1212 4506 1330 4576; x_wconf 77' lang='lat' dir='ltr'><strong>supro·</strong></span> <span class='ocrx_word' id='word_1_251' title='bbox 1346 4481 1521 4576; x_wconf 80' lang='lat' dir='ltr'><strong>exposui3</strong></span> <span class='ocrx_word' id='word_1_252' title='bbox 1552 4506 1688 4554; x_wconf 79' lang='lat' dir='ltr'><strong>nervus</strong></span> <span class='ocrx_word' id='word_1_253' title='bbox 1714 4501 1839 4554; x_wconf 83' lang='lat' dir='ltr'><strong>autem</strong></span> 
     </span>
     <span class='ocr_line' id='line_1_30' title="bbox 218 4608 1840 4721; baseline -0.005 -27"><span class='ocrx_word' id='word_1_254' title='bbox 218 4608 405 4694; x_wconf 79' lang='lat' dir='ltr'><strong>talimodo</strong></span> <span class='ocrx_word' id='word_1_255' title='bbox 425 4617 644 4714; x_wconf 85' lang='lat' dir='ltr'><strong>productus,</strong></span> <span class='ocrx_word' id='word_1_256' title='bbox 667 4639 775 4711; x_wconf 75' lang='lat' dir='ltr'><strong>supra</strong></span> <span class='ocrx_word' id='word_1_257' title='bbox 800 4615 998 4686; x_wconf 86' lang='lat' dir='ltr'><strong>reclinatus</strong></span> <span class='ocrx_word' id='word_1_258' title='bbox 1023 4616 1205 4703; x_wconf 69' lang='lat' dir='ltr'><strong>ascendit,</strong></span> <span class='ocrx_word' id='word_1_259' title='bbox 1229 4634 1274 4688; x_wconf 90' lang='lat' dir='ltr'><strong>ut</strong></span> <span class='ocrx_word' id='word_1_260' title='bbox 1297 4614 1492 4689; x_wconf 79' lang='lat' dir='ltr'><strong>fasciculos</strong></span> <span class='ocrx_word' id='word_1_261' title='bbox 1523 4635 1565 4689; x_wconf 87' lang='lat' dir='ltr'><strong>et</strong></span> <span class='ocrx_word' id='word_1_262' title='bbox 1593 4618 1739 4716; x_wconf 80' lang='lat' dir='ltr'><strong>singula</strong></span> <span class='ocrx_word' id='word_1_263' title='bbox 1772 4616 1840 4721; x_wconf 76' lang='lat' dir='ltr'><strong>fils</strong></span> 
     </span>
     <span class='ocr_line' id='line_1_31' title="bbox 218 4749 1839 4849; baseline -0.003 -19"><span class='ocrx_word' id='word_1_264' title='bbox 218 4780 355 4830; x_wconf 80' lang='lat' dir='ltr'><strong>nervea</strong></span> <span class='ocrx_word' id='word_1_265' title='bbox 379 4753 427 4826; x_wconf 76' lang='lat' dir='ltr'><strong>ad</strong></span> <span class='ocrx_word' id='word_1_266' title='bbox 451 4777 570 4824; x_wconf 91' lang='lat' dir='ltr'><strong>unum</strong></span> <span class='ocrx_word' id='word_1_267' title='bbox 596 4753 721 4825; x_wconf 80' lang='lat' dir='ltr'><strong>omnis</strong></span> <span class='ocrx_word' id='word_1_268' title='bbox 745 4750 898 4849; x_wconf 84' lang='lat' dir='ltr'><strong>ganglio</strong></span> <span class='ocrx_word' id='word_1_269' title='bbox 919 4753 1098 4847; x_wconf 84' lang='lat' dir='ltr'><strong>proximo.</strong></span> <span class='ocrx_word' id='word_1_270' title='bbox 1120 4753 1228 4829; x_wconf 77' lang='lat' dir='ltr'><strong>nerui</strong></span> <span class='ocrx_word' id='word_1_271' title='bbox 1250 4752 1480 4848; x_wconf 74' lang='lat' dir='ltr'><strong>sympathici</strong></span> <span class='ocrx_word' id='word_1_272' title='bbox 1510 4752 1670 4826; x_wconf 69' lang='lat' dir='ltr'><strong>advehet</strong></span> <span class='ocrx_word' id='word_1_273' title='bbox 1702 4768 1744 4823; x_wconf 84' lang='lat' dir='ltr'><strong>et</strong></span> <span class='ocrx_word' id='word_1_274' title='bbox 1766 4749 1839 4825; x_wconf 81' lang='lat' dir='ltr'><strong>im·</strong></span> 
     </span>
    </p>
   </div>
   <div class='ocr_carea' id='block_1_5' title="bbox 0 0 2300 5858">
    <p class='ocr_par' dir='ltr' id='par_1_8' title="bbox 0 0 2300 5858">
     <span class='ocr_line' id='line_1_32' title="bbox 0 0 2300 5858; baseline 0 9"><span class='ocrx_word' id='word_1_275' title='bbox 0 0 2300 5858; x_wconf 95' lang='lat' dir='ltr'><strong> </strong></span> 
     </span>
    </p>
   </div>
  </div>
 </body>
</html>
