4590 5858
426 710 475 785 6ο

427 908 507 967 ωθ
531 881 674 961 matis
701 866 1059 976 quamplurimum
1047 888 1166 938 messe
1192 862 1389 963 segnitiem
1423 860 1608 960 quandam
1639 863 1878 961 firnetionum
1908 887 2067 968 vegeto,

428 1025 561 1112 tionis,
597 1017 690 1114 quin
721 1018 798 1083 imo
832 1006 878 1078 ad
880 1003 1147 1103 apoplexiam
1179 999 1481 1100 proclivitatem?
1543 1005 1616 1077 His
1648 1022 1788 1124 autem
1776 1003 2066 1119 [anniculorum

429 1178 655 1238 nerveorum
680 1147 909 1246 pressionem
936 1141 1030 1231 (sive
1055 1143 1105 1212 sit
1130 1141 1171 1210 in
1180 1139 1358 1241 gengliis
1382 1138 1461 1209 sive
1492 1108 1533 1209 in
1565 1139 1648 1210 aliis
1679 1137 1889 1232 systematis
1921 1167 2056 1217 nervo·

429 1280 728 1389 mmpartibue)
753 1299 946 1380 tamquam
971 1301 1117 1352 oausam
1142 1273 1316 1349 accedere
1342 1271 1480 1367 judico,
1505 1273 1606 1375 haud
1633 1275 1953 1376 mmmmm

1174 1409 1207 1501 s
1258 1416 1306 1483 L·
1994 1494 1997 1499 ⁴

479 1627 482 1635 ,
580 1570 746 1654 Utraque
771 1555 1009 1654 gangliorum
1038 1549 1239 1621 substantia
1267 1545 1522 1621 circumdatur
1547 1565 1585 1621 et
1615 1548 1831 1621 continetur
1856 1518 2064 1639 involucro.¹

431 1703 607 1806 quodam,
633 1720 702 1792 pro
728 1689 869 1814 gauglii
895 1685 1028 1758 ordine
1055 1682 1220 1782 diverso.
1276 1684 1350 1771 Sic,
1368 1708 1461 1781 quae
1486 1685 1591 1757 tertii
1617 1683 1759 1786 orglinis
1783 1704 1880 1783 sunt,
1907 1685 2065 1782 rlupliqi.

430 1844 640 1921 involucro,
666 1829 740 1919 tela
765 1822 939 1922 cellulapi
963 1822 1047 1891 laxa
1073 1818 1267 1904 nimirum,
1294 1836 1332 1889 et
1350 1822 1477 1892 tunica
1495 1802 2066 1921 densakprppria‘instruptaffl‘

432 1973 586 2053 secundi
610 1963 752 2062 ordinis
774 1958 971 2030 fortissima
997 1954 1132 2041 tunica,
1160 1951 1274 2054 durae
1299 1932 1468 2054 meningi
1492 1957 1771 2053 aequiparanda,
1795 1956 1936 2054 donata.
1949 1980 2063 2053 appa-2

432 2130 528 2199 rent,
551 2139 604 2160 -
630 2096 743 2196 primi
763 2091 910 2164 ‚ordinis
936 2066 1085 2161 tandem
1110 2089 1172 2159 vel
1198 2090 1322 2160 solum
1347 2071 1554 2164 neurilema
1575 2072 1821 2191 adjacentium
1841 2117 2066 2191 nepitorum,¹

434 2251 497 2325 vel
523 2241 578 2341 (g
604 2227 762 2322 Gesseri)
743 2227 1087 2330 singularem
1052 2225 1166 2323 durae
1192 2228 1320 2298 matris
1347 2226 1634 2326 productionem
1663 2226 1814 2324 filosam
1844 2210 2062 2321 nappisonnq

436 2404 512 2460 tur
539 2412 587 2436 ·““

494 2517 688 2607 ·Quae
713 2501 857 2594 omnia,
889 2522 1022 2574 eorum
1052 2456 1275 2574 diversitatis
1308 2522 1431 2592 causa,
1463 2519 1642 2597 sequente
1674 2504 1794 2600 eapite
1826 2498 1946 2603 fusius
1975 2521 2065 2597 per

436 2647 623 2736 mactanda
648 2660 746 2719 sunt.
1059 2715 1062 2719 .

1172 2765 1203 2858 §.
1262 2777 1328 2844 LI.

589 2914 791 2994 Permultis
816 2909 910 2982 vasis
936 2901 1153 3004 sanguiferis
1180 2923 1216 2976 et
1243 2906 1501 2981 exhalantibus
1527 2907 1705 2983 instructa
1729 2926 1817 2982 sunt
1842 2906 2000 3004 ganglia,
2018 2903 2063 2979 id

440 3060 544 3165 quod
569 3061 624 3146 iis,
650 3077 744 3151 quae
773 3044 878 3119 tertii
904 3041 1046 3114 ordinis
1071 3060 1167 3128 sunt,
1194 3067 1280 3138 prae
1308 3046 1460 3115 caeteris
1488 3062 1525 3115 et
1550 3062 1678 3139 aperte
1705 3044 1890 3134 accidere,
1919 3065 2064 3141 cestram

440 3220 507 3275 est.
557 3202 614 3266 Ita
640 3192 717 3262 sine
744 3183 860 3254 dubio
888 3181 946 3248 his
972 3179 1085 3274 longe
1111 3177 1230 3273 major
1255 3180 1440 3273 sanguinis
1467 3181 1572 3273 copia
1598 3174 1771 3267 affertur,
1790 3204 1912 3274 ‚quam
1937 3185 2064 3273 nervis

435 3325 694 3406 'cerebralibus
720 3335 760 3390 et
782 3311 998 3410 spinalibus.
1053 3310 1249 3383 Nimirum
1282 3312 1374 3383 vasis
1407 3313 1554 3405 liquore
1581 3336 1689 3400 cereo
1715 3312 1913 3388 subtiliore
1940 3305 2081 3413 reple-,⁸

442 3468 503 3554 tis,
529 3460 678 3534 insolita
704 3451 889 3526 canalium
915 3443 1210 3544 sanguiferorum
1237 3448 1290 3519 vis
1314 3449 1464 3548 ganglia
1489 3447 1614 3521 adiens
1632 3465 1671 3520 et
1687 3449 1829 3521 intrans
1846 3451 1957 3524 facile
1978 3479 2064 3528 con.

442 3601 608 3702 spicitur,
630 3615 725 3689 quae
752 3613 773 3658 e
798 3607 970 3654 vasorum
998 3585 1137 3654 truncis
1163 3584 1334 3679 proxime
1366 3579 1533 3655 affinibus
1565 3601 1692 3656 ortum
1724 3581 1840 3659 ducit.
1904 3589 1965 3660 Sic
1996 3614 2065 3663 nu.

443 3734 593 3812 triendo
621 3725 772 3827 ganglio
799 3719 1017 3791 semilunari
1049 3722 1195 3818 sanguis
1227 3718 1426 3790 advehitur
1459 3744 1527 3815 per
1559 3721 1727 3791 surculos
1760 3739 1824 3792 aut
1852 3748 1899 3796 ex
1930 3726 2065 3800 arteria

445 3865 683 3973 suprarenali‚
710 3877 774 3930 aut
801 3882 847 3926 ex
871 3855 1008 3926 renalis
1036 3855 1233 3949 principio,
1258 3855 1337 3925 sive
1364 3880 1411 3927 ex
1438 3875 1538 3926 aorta
1572 3857 1648 3949 ipsa
1680 3874 1800 3945 natos,
1832 3856 2064 3954 quodnihi

446 4035 562 4107 aeque
588 4027 630 4076 ao
656 3997 715 4070 111.
741 3990 899 4064 Hallero
934 3987 978 4078 ¹),
1004 4006 1049 4059 ut
1074 3987 1260 4088 viderem,
1291 3990 1473 4092 ¹contigit⁹
1506 3989 1598 4059 dum
1627 3990 1681 4063 in.
1699 4016 1775 4062 uno
1810 4016 1965 4090 corpore
1990 4014 2068 4073 tres

448 4145 619 4247 parvulas
644 4134 794 4206 arterias
822 4153 866 4196 ex
889 4146 987 4196 aorta
1014 4126 1226 4220 progenitas
1258 4126 1433 4223 ganglion
1464 4127 1689 4195 semilunare
1721 4125 1996 4221 perforare,.et
2027 4134 2070 4206 in

447 4286 574 4382 plures
601 4289 719 4368 partes
745 4262 914 4336 dividere
940 4257 1076 4356 reperi,
1104 4284 1263 4352 quarum
1290 4262 1433 4331 surculi
1460 4263 1597 4357 partim
1629 4264 1817 4357 capsulam
1849 4268 2072 4342 cellularem
2162 4278 2166 4283 '

450 4419 687 4512 adjacentem,
725 4399 862 4496 partim
899 4421 994 4492 gang
973 4395 1041 4466 olii
1080 4395 1259 4466 interiora
1298 4397 1462 4474 adibant.
1538 4399 1597 4467 Sic
1639 4421 1752 4492 porro
1791 4402 1948 4495 gangliis
1987 4405 2071 4476 tho.

449 4550 578 4628 raoicis
609 4537 747 4611 ramuli
780 4530 967 4628 prodeunt
1009 4555 1055 4600 ex
1089 4533 1232 4604 arteriis
1265 4533 1581 4615 intercostalibus,
1622 4533 1773 4629 ganglio
1807 4537 1981 4610 cervicali
2013 4563 2072 4611 su

449 4708 582 4791 premo
609 4704 628 4750 e
656 4668 874 4763 thyreoidea
898 4666 1111 4779 superiore
1118 4661 1166 4758 ²,)
1191 4686 1257 4740 aut
1282 4671 1525 4765 thyraoideae
1557 4649 1744 4759 inferioris
1776 4671 1924 4744 ramulo
1951 4699 2071 4748 ascen·

451 4834 654 4861 „,........-

521 4914 550 4986 ι)
583 4908 732 4965 Elementa
748 4893 957 4976 physiologiae.
974 4893 1058 4957 rom.
1077 4894 1126 4960 IV.
1143 4912 1206 4974 pag.
1223 4910 1284 4963 sos,
1358 4862 1374 4871 ‚>
1528 4896 1694 4975 alconus.
1711 4899 1826 4971 anan,
1843 4902 1865 4968 1,
1881 4919 1907 4967 ο.
1924 4903 1950 4975 5.
1966 4903 2006 4969 Χ,
