4590 5858
336 671 407 743 126

334 866 427 922 tasse
437 843 702 942 ¹),-·-ganglia
714 840 909 915 cervicalia
923 841 963 915 in
976 843 1130 916 animali
1143 843 1229 918 vivo
1243 844 1387 937 irritata
1398 846 1666 936 musculorum,
1678 848 1815 946 quibus
1826 876 1950 928 ramu-

335 985 391 1057 los
402 999 587 1079 spargunt,
600 980 753 1050 nullum
767 995 914 1051 motum
925 972 976 1068 ²),
990 1016 1040 1032 -
1054 982 1271 1054 intestinum
1286 1008 1334 1054 ex
1344 981 1542 1055 abdomine
1555 1001 1785 1077 protractum
1797 989 1951 1062 nullum

337 1114 415 1188 fere
439 1141 585 1186 sensum
610 1109 770 1186 effecisse
800 1111 854 1203 ³),
879 1113 1075 1187 nobiscum
1102 1120 1362 1190 communicat.
1397 1152 1448 1169 -
1498 1122 1599 1189 naza
1624 1117 1727 1191 idem
1753 1120 1832 1193 iere
1858 1144 1951 1194 asse·
2002 1162 2007 1171 1

335 1269 439 1322 verat
466 1240 520 1339 4),
546 1250 651 1344 quod-
675 1268 797 1322 tamen
824 1250 938 1346 magis
963 1250 1292 1340 observationibus,
1313 1276 1404 1348 quaa
1429 1257 1577 1325 Bscuan
1602 1253 1820 1349 descripsit,
1837 1279 1951 1351 <paam

311 1386 495 1478 ,propriis
520 1384 631 1457 inniti
656 1384 817 1458 uidetur⁴
842 1417 895 1436 -
944 1387 1172 1479 Nuperrime
1199 1386 1349 1458 tandem
1378 1388 1633 1480 experimenta
1659 1389 1700 1459 in
1724 1391 1828 1482 equis
1854 1390 1950 1461 vivia

336 1517 432 1588 iacta
456 1543 477 1589 a
503 1523 559 1591 cl.
584 1527 722 1592 Durus
749 1518 934 1612 descripta
959 1518 1110 1590 invenio
1141 1516 1195 1608 5),
1227 1521 1379 1614 quibis
1409 1496 1590 1618 ganglion
1618 1521 1807 1617 gutturale
1841 1521 1950 1594 nervi

336 1655 615 1748 trisplancbnici
640 1660 680 1727 in
704 1672 863 1750 quatuor
887 1653 1028 1724 casibus
1054 1653 1204 1727 excidit.
1255 1661 1376 1748 Quam
1398 1655 1481 1727 rem
1507 1654 1668 1739 facilem,
1693 1679 1825 1746 parum
1846 1654 1951 1725 dolo·

334 1786 387 1858 ris
412 1791 646 1876 excitantem,
670 1788 865 1881 omnisque
896 1782 1049 1858 effectus
1081 1789 1157 1858 cito
1188 1789 1415 1883 insequentis
1447 1807 1641 1883 expertem
1671 1787 1782 1860 fuisse
1812 1787 1951 1859 scribit.

337 1919 447 2016 Signa
471 1941 608 2010 autem,
633 1949 727 2017 quae
751 1950 773 1994 a
793 1925 955 1993 sectione
973 1923 1051 2016 ipsa
1068 1946 1145 1992 non
1165 1920 1375 2017 pendentia,
1391 1924 1584 1996 subsecuta
1603 1940 1699 2008 sunt,
1718 1938 1840 1993 erant:
1866 1943 1952 1991 con·

336 2058 469 2126 tractio
492 2058 677 2151 pupillae,
714 2059 832 2129 rubor
856 2057 1128 2148 conjunctivae,
1165 2058 1299 2127 macies
1325 2056 1562 2140 universalis,
1599 2055 1755 2125 cedema
1780 2073 1950 2141 artuum,

338 2188 496 2260 tandem,
511 2193 730 2263 exanthema
754 2190 959 2262 scabiosum
987 2183 1039 2276 ὅ).
1063 2223 1113 2243 ·-
1138 2188 1334 2284 Equidem,
1359 2215 1447 2261 cnm
1472 2190 1771 2260 observationem
1804 2192 1844 2260 in
1875 2190 1950 2259 aui·

336 2323 498 2395 malibus
523 2322 618 2393 vivis
642 2325 797 2396 maximi
822 2324 1004 2394 momenti
1029 2322 1076 2392 ad
1101 2324 1335 2416 explicandas
1349 2349 1552 2394 nervorum
1566 2325 1726 2393 actiones
1739 2347 1815 2395 esse
1829 2325 1950 2395 existi·

336 2477 448 2541 mem,
473 2461 621 2552 propria
647 2455 863 2547 hujusmodi
887 2456 1143 2552 experimenta
1169 2458 1375 2544 instituere,
1401 2480 1513 2551 quam
1530 2458 1692 2531 maxime
1706 2460 1950 2530 necessarium

335 2590 432 2658 mihi
458 2593 578 2663 visum
602 2611 674 2678 est,
711 2595 802 2663 licet
835 2616 967 2686 parum
997 2592 1186 2677 lubenter,
1220 2591 1449 2681 crudelitatis
1479 2616 1603 2678 causa,
1635 2593 1759 2663 talem¹
1781 2592 1951 2664 laborem

335 2725 519 2817 suscipere
544 2728 744 2820 potuerim.
771 2759 821 2777 -
847 2731 950 2796 Duos
976 2726 1093 2821 igitur
1118 2725 1273 2797 adhibui
1298 2750 1405 2798 canes
1431 2706 1593 2811 adultos,
1624 2725 1740 2795 medii
1766 2726 1949 2819 corporis,

337 2858 481 2948 quibus,
507 2885 639 2932 nervos
665 2861 871 2950 systematis
897 2860 1097 2956 vegetativi
1122 2861 1314 2956 vestigans,
1327 2859 1510 2931 abdomen
1523 2858 1650 2932 incidi.
1702 2863 1798 2928 Cum
1824 2875 1948 2927 autem

336 2993 510 3089 ganglion
537 2998 656 3065 solare
683 2994 801 3090 retegi
827 3018 902 3065 non
927 2995 1050 3088 possit,
1075 2993 1168 3087 quin
1183 2994 1318 3078 simul,
1345 2995 1505 3064 maxima
1536 2993 1627 3062 licet
1652 2990 1819 3061 adhibita
1844 3014 1948 3075 cura,

336 3149 417 3196 vasa
444 3131 616 3199 arteriosa
639 3127 910 3212 discindantur,
945 3129 1082 3197 melius
1108 3125 1216 3212 dttxi,
1254 3128 1401 3222 ganglia
1436 3128 1614 3197 lumbalia
1652 3124 1810 3221 nudare,
1848 3121 1951 3217 quod

336 3244 511 3352 coeptum
536 3288 584 3330 ex
610 3280 698 3331 voto
726 3264 821 3332 mihi
847 3263 1031 3330 successit.
1082 3263 1313 3332 irritamenta
1343 3260 1554 3329 mechanica
1589 3262 1680 3329 varii
1711 3258 1856 3353 generis
1889 3254 1949 3326 his

338 3389 486 3461 admota
512 3409 610 3479 sunt,
635 3410 830 3488 postquam
843 3394 991 3476 animal,
1012 3395 1138 3488 aliquo
1155 3410 1325 3485 tempore
1339 3391 1598 3486 praeterlaps0,
1615 3391 1784 3484 quietum
1796 3387 1950 3477 jacebat,

337 3560 391 3577 -
405 3527 514 3598 nullo
523 3541 650 3598 'tamen
664 3516 911 3623 subsequente
924 3524 1070 3600 effectu.
1121 3527 1238 3599 Paulo
1251 3547 1334 3620 post
1345 3551 1434 3599 vero
1447 3524 1729 3619 comparationis
1746 3546 1851 3595 causa
1872 3522 1949 3616 ple·
2010 3500 2017 3506 ³

218 3687 222 3693 ’
335 3683 404 3730 xus
429 3660 626 3734 brachialis
652 3663 857 3736 denudatus
870 3662 982 3733 cultri
995 3665 1097 3756 apice
1110 3679 1148 3732 et
1161 3661 1339 3731 volsellae
1358 3684 1428 3754 ope
1449 3661 1613 3730 irritatus
1635 3677 1701 3743 est,
1722 3682 1797 3751 quo
1811 3655 1948 3728 animal

336 3795 470 3864 misere
480 3795 644 3885 ejulavit,
658 3796 709 3867 ita
723 3797 887 3891 quidem,
899 3815 942 3867 ut
955 3795 1005 3883 id,
1019 3795 1121 3889 quod
1139 3802 1286 3868 Btcna‘r
1300 3792 1504 3882 contendit,
1527 3793 1673 3867 duobus
1692 3794 1783 3863 meis
1804 3789 1949 3884 experi·
2056 3789 2059 3794 ’

333 3930 469 4001 mentis
482 3933 624 4031 optime
636 3930 899 4002 confirmatum
912 3949 951 4001 et
964 3954 1051 4024 ergo
1063 3928 1300 4002 manifestum
1314 3930 1379 4000 sit:
1402 3954 1425 3999 ο
1435 3954 1472 3998 m
1481 3953 1580 4020 nem
1593 3931 1654 3999 sti
1665 3927 1788 3999 mulu
1797 3949 1847 4007 m,
1868 3923 1949 4016 qui

335 4065 496 4136 nervis
519 4069 783 4162 systematis
807 4062 1023 4138 animalis
1048 4061 1374 4148 admotuscum
1393 4063 1604 4135 sensorio
1623 4059 1853 4132 communi
1873 4059 1949 4128 im·
2022 4136 2027 4146 ¹

338 4195 1950 4296 pressionemsuiipsiusfacilecommunicarepossit,-idemutingen·

338 4328 450 4422 gliis
467 4350 515 4403 et
532 4340 691 4410 nervis
708 4337 974 4430 systematis
992 4332 1250 4431 vegetativi
1267 4328 1465 4417 efficiat,
1484 4332 1753 4426 neutiquam
1768 4328 1951 4400 valere·

339 4479 536 4499 m-

405 4539 435 4608 ι)
469 4536 512 4596 Cf.
531 4539 565 4608 ci.
583 4543 761 4616 Allgemeine
778 4547 936 4608 Anatomie,
971 4541 1024 4603 Ed,
1042 4545 1145 4601 Pam.
1164 4539 1198 4594 Τ.
1216 4541 1237 4597 l.
1256 4557 1318 4614 pag.
1334 4553 1397 4608 305,

403 4624 434 4694 2)
469 4621 686 4699 l,c.pag.311,
797 4637 826 4705 3)
861 4633 882 4695 l,
902 4653 925 4692 ο,
942 4649 1004 4704 pag,
1020 4645 1080 4697 32²·
1189 4625 1219 4693 4)
1254 4625 1364 4679 Archiv
1382 4621 1638 4699 fttrl’bysiologia.
1656 4621 1709 4682 Bd.
1727 4621 1793 4682 vn.
1811 4637 1875 4696 pag.
1892 4633 1952 4689 ψ.

403 4709 434 4779 5)
472 4708 599 4763 liulletin
618 4712 652 4764 dc
672 4713 703 4765 le
716 4717 818 4771 socies
837 4716 1031 4772 d'emulation.
1050 4713 1126 4767 Parit
1149 4711 1223 4774 1816.
1241 4709 1311 4766 Nrn.
1331 4709 1397 4768 llll.
1416 4708 1580 4768 Decembre.

404 4791 433 4862 6)
469 4793 528 4866 Qui
546 4795 678 4852 teodonis
695 4812 814 4852 eventus
831 4817 896 4859 cum
916 4797 972 4854 illo
990 4817 1005 4852 a
1022 4800 1103 4855 Pam
1121 4794 1262 4869 descripto
1280 4789 1494 4867 quodammodo
1511 4790 1647 4847 convenit
1667 4790 1717 4863 (ct
1736 4792 1764 4861 9.
1781 4787 1884 4860 Vnt).
