4590 5858
1813 701 1862 784 57

228 887 275 946 ιιι
299 893 346 959 so
371 867 518 944 facilius
543 866 746 944 substantia
770 864 986 941 secundaria
1010 856 1058 940 ιιι
1084 867 1303 964 primariam
1335 867 1416 942 vim
1450 889 1619 944 exserere
1651 882 1775 962 queat.
1807 899 1859 935 -.·

228 1004 350 1104 Quam
376 1004 529 1102 quidem
554 1031 654 1094 rem,
681 999 728 1079 'ab
754 1004 968 1076 auctoribus
994 991 1417 1102 hactenus‘neglectam,
1442 1004 1490 1077 ad
1514 1006 1747 1081 structionem
1772 1027 1859 1105 gan·

227 1138 409 1239 gliorum'
423 1145 583 1217 ulterius
611 1139 902 1238 disquirentem,
926 1137 1126 1236 permagni·
1146 1139 1323 1215 interesse
1349 1118 1489 1216 censeo.

378 1281 575 1352 Caeterum
603 1281 738 1351 haecce
769 1274 836 1348 fila
869 1273 1090 1346 medullaris
1128 1262 1291 1350 tensicni
1330 1295 1443 1374 atque
1473 1276 1649 1354 tractioni
1679 1276 1765 1350 satis
1798 1290 1857 1354 rei

224 1411 375 1502 sistunt,
406 1408 477 1503 sic,
501 1432 545 1486 ut
577 1439 618 1486 aa
643 1410 799 1485 fibrillis
831 1434 1037 1482 nervorum
1063 1408 1141 1482 fere
1166 1413 1350 1486 tenaciora
1376 1438 1455 1486 esse
1480 1410 1717 1517 crediderim.
1767 1416 1854 1488 Hoc

115 1581 118 1586 ·
158 1611 163 1619 .
225 1550 425 1647 praecipue
450 1548 491 1619 in
517 1538 744 1620 enucleanda
769 1543 908 1619 fabrica
934 1547 1172 1646 gaugliorum
1198 1550 1479 1624 thoracicorum
1509 1547 1714 1641 systematis
1743 1571 1854 1648 vega·

224 1685 333 1757 tativi
357 1688 515 1756 miratus
539 1707 635 1772 sum,
668 1707 831 1777 quorum
862 1684 1127 1757 accuratiorem
1164 1683 1469 1782 disquisitionem
1501 1682 1659 1758 filorum
1691 1685 1853 1761 tenuitas

96 1877 98 1880 .
222 1819 337 1916 plana
357 1819 687 1963 prohibuisset,
646 1818 728 1891 nisi
752 1844 885 1894 eorum
910 1818 1107 1893 tenacitate
1132 1817 1277 1911 adjutus
1304 1821 1472 1897 fuissem

923 1950 957 2045 §
1006 1958 1156 2030 XLVII

285 2092 288 2097 ⁴
375 2089 657 2164 secundaria
675 2092 914 2190 gangliorum
934 2089 1197 2164 substantie
1221 2115 1265 2165 ea
1283 2092 1454 2189 proiecto
1471 2088 1666 2185 iudicanda
1678 2107 1743 2182 est,
1756 2115 1852 2190 quae

195 2217 487 2313 differentiam,
512 2248 590 2298 nou
615 2228 739 2298 solum
764 2226 865 2300 inter
886 2246 994 2297 veros
1019 2249 1153 2299 nervos
1180 2244 1220 2299 at
1245 2228 1404 2326 ganglia,
1427 2253 1560 2302 verum
1585 2230 1698 2302 etiam
1718 2229 1853 2326 plexus

221 2383 427 2434 motum
459 2378 499 2432 et
529 2362 679 2460 ganglia
710 2362 1005 2436 intercedentem
1038 2358 1167 2457 (quam
1198 2361 1300 2434 barad
1330 2363 1458 2438 levem
1489 2358 1683 2453 aestimo),
1719 2387 1852 2436 revera

222 2489 348 2567 afficit.
377 2499 443 2565 -In
468 2519 524 2583 eo,
549 2494 652 2589 quod
676 2497 774 2568 hana
798 2498 1043 2574 substantiam
1072 2495 1154 2579 vel,
1172 2497 1298 2568 minus
1333 2494 1530 2592 diligenter
1561 2495 1853 2594 investigamnt,

218 2628 287 2699 vel
311 2627 423 2723 plane
448 2630 717 2727 neglexerunt,
732 2634 813 2703 -vel
837 2622 942 2707 carte¹
963 2654 1124 2706 massam
1147 2624 1337 2729 cognitam
1360 2632 1468 2727 parvi
1492 2629 1701 2719 durenmt,
1736 2630 1852 2701 ratio·

92 2842 95 2846 ¹
222 2783 311 2833 nem
336 2762 446 2835 sitam
470 2787 550 2835 esse
574 2763 704 2853 credo,
739 2764 843 2840 unde
876 2784 1124 2866 susceperuut
1154 2765 1374 2839 anatomici:
1412 2767 1592 2864 ganglion
1623 2765 1724 2838 nihil
1747 2762 1852 2837 aliud

222 2919 311 2984 esse,
335 2897 410 2968 nisi
434 2900 590 2993 plexum
614 2899 733 2994 magis
759 2920 998 2991 coarctatum,
1021 2924 1145 2996 neque
1165 2899 1370 2995 quidquam
1391 2898 1496 2969 aliud
1515 2900 1689 2996 spectare,
1710 2899 1784 2971 nisi
1805 2916 1852 2973 ut

222 3031 331 3102 nervi
357 3029 624 3132 disjungantur,
648 3037 971 3127 commisceantur,
997 3034 1193 3110 commode
1218 3033 1490 3131 dispergantur
1513 3069 1565 3086 -
1591 3037 1713 3108 Simul
1740 3054 1852 3159 atque

222 3164 495 3284 intelligebam,
513 3169 717 3242 altiorem
706 3195 822 3242 messe
841 3168 1067 3267 dignitatem
1085 3168 1176 3239 huic
1195 3168 1429 3253 substantiae,
1448 3190 1562 3258 quam
1583 3192 1675 3260 quae
1694 3167 1851 3261 disjunc·
1965 3152 1967 3156 ¹

218 3292 326 3374 Ιιιιιιιι
337 3320 400 3375 aut
425 3303 581 3379 coalitui
590 3270 780 3379 filonam
779 3300 1068 3377 medullarium
1074 3285 1161 3375 soli
1168 3288 1367 3374 inserviret
1390 3293 1445 3387 ¹,)
1464 3314 1528 3368 aut
1546 3299 1643 3372 tela'e
1661 3302 1851 3377 cellularis

217 3408 387 3510 officium
400 3452 560 3510 ιιιιιιιιιι
584 3441 730 3513 subiret
756 3437 806 3532 ²),
833 3454 1015 3535 quantum
1039 3438 1081 3508 in
1104 3459 1168 3508 me
1192 3435 1277 3522 fuit,
1301 3429 1555 3504 absconditam
1581 3433 1659 3526 ejus
1679 3456 1852 3516 naturam

222 3568 387 3669 penitius
412 3573 553 3645 intrare
581 3572 722 3648 studui.
746 3613 800 3635 -
848 3571 924 3644 Hic
944 3589 1071 3643 tamen
1096 3569 1260 3667 ingenue
1285 3566 1386 3640 mibi
1412 3563 1603 3638 fatendum
1624 3593 1701 3641 esse
1722 3570 1848 3660 doleo,

223 3705 326 3806 quod
349 3704 452 3780 baud
478 3706 590 3778 altius
617 3704 696 3782 iere
720 3704 995 3803 penetraverim
1018 3728 1122 3794 rem,
1159 3725 1274 3802 quam
1302 3726 1324 3773 a
1356 3698 1433 3770 Cel·
1469 3701 1601 3795 Scarpa
1634 3701 1711 3794 jam
1743 3705 1849 3777 annis

222 3841 359 3915 abhinc
385 3839 434 3940 38
457 3839 603 3916 iactum
628 3856 703 3915 est.
745 3847 1024 3930 Verumtamen,
1049 3862 1145 3940 quae
1170 3837 1217 3910 de
1237 3832 1349 3929 hujus
1368 3833 1442 3905 viri
1464 3835 1752 3934 ingeniosissimi
1768 3865 1852 3914 sen
1895 3886 1902 3893 -

215 3974 342 4051 tentia
364 3980 462 4053 circa
481 3947 743 4123 aecimdariam
767 3978 1009 4087 substantiam
1038 3974 1193 4074 propria
1222 3999 1284 4049 me
1317 3968 1547 4047 edocuerunt
1578 3973 1847 4070 experimenta,

221 4110 288 4190 hio
310 4109 591 4212 propbnitml·

375 4254 470 4323 Tota
495 4249 654 4324 filorum
683 4249 955 4326 medullarium
984 4246 1127 4350 gauglii
1159 4269 1354 4346 compages
1387 4243 1639 4318 circumdatur
1669 4260 1849 4320 contextu

222 4386 407 4462 celluluso
434 4388 626 4485 singulari,
650 4387 862 4460 imsumeras
887 4385 1007 4460 lernae
1034 4387 1215 4460 vesiculas
1241 4403 1352 4480 atque
1374 4381 1557 4455 cancellos
1574 4381 1846 4459 ιιιιιιιιιιιιιιιιοι

222 4530 427 4561 bue-nn·-
629 4548 634 4561 .
733 4547 738 4554 ·
797 4549 801 4559 .

224 4578 307 4671 ir
291 4615 323 4685 ι)
348 4615 493 4681 weuram
508 4614 568 4672 1.e
552 4589 662 4694 scip
681 4623 704 4675 1.
721 4622 747 4690 ι.
763 4619 844 4700 xxj.
861 4637 924 4693 pag
943 4634 985 4685 27
1052 4686 1055 4693 Ι

224 4692 252 4729 “
225 4697 335 4810 .a)·
356 4684 485 4767 Haisa,
495 4700 515 4759 l.
532 4720 554 4760 c.
575 4705 600 4770 ι.
615 4702 667 4764 Χ]
711 4684 805 4779 (ulai
800 4692 1063 4760 uisitionibu's'vitl
1080 4699 1115 4762 el.
1134 4703 1223 4759 Haase
1235 4699 1339 4777 liquor
1355 4698 1511 4764 alkalinua,
1534 4715 1592 4772 quo
1615 4695 1648 4752 in
1670 4689 1845 4747 macerandis

225 4823 296 4865 ’.ιιι
324 4784 534 4867 ..finiiffi'
555 4806 622 4841 “⁸⁸⁸
638 4806 695 4853 ²⁸¹
717 4791 790 4861 ”alb
793 4809 844 4861 ψ’
837 4787 969 4873 ¹‹kmui
977 4789 1115 4859 lnttslim
1124 4789 1258 4859 videtur,
1262 4789 1393 4881 qnippe
1410 4787 1463 4863 qui
1479 4783 1599 4862 pulpam
1616 4775 1788 4851 subeuntis·
1802 4793 1845 4833 κ·

410 4867 574 4928 aarum·
581 4890 647 4947 Ροιι
664 4871 783 4949 aliquod
800 4888 912 4948 ternpus
927 4846 1032 4946 laesia)
1233 4956 1275 5028 H

2017 2452 2053 2507 ·
2069 2451 2071 2455 ,
