4590 5858
433 665 484 751 54

431 830 537 937 qnod
560 844 631 909 nec
654 844 806 934 Scarpae
830 859 902 907 nec
924 836 1115 934 Metzgeri
1137 834 1499 931 circumscriptiones
1522 837 1679 935 ganglii,
1710 838 1801 910 huic
1823 838 1945 915 bulbo
1970 866 2056 919 con·

432 978 596 1048 veniant·

583 1111 755 1186 Chiasma
776 1133 982 1183 nervorum
1005 1108 1221 1205 optinorum
1245 1108 1368 1180 multo
1392 1108 1515 1182 minus
1537 1109 1698 1206 gangliis
1729 1109 2056 1190 adnumerandum

433 1247 621 1321 existimo.

444 1373 450 1379 ¹
1134 1376 1171 1468 ᾗ.
1221 1382 1357 1452 mn.

581 1514 745 1591 Secundi
767 1514 911 1590 ordinis
935 1515 1157 1610 (systematis
1181 1509 1350 1612 spinalis)
1371 1515 1523 1614 ¹ganglia
1552 1514 1656 1586 hisce
1689 1515 1930 1609 qualitatibus
1951 1541 1975 1590 a
2000 1544 2057 1592 re·

430 1653 546 1748 liquis
571 1648 769 1725 differuntr

440 1838 445 1845 .
485 1786 524 1880 r)
549 1795 714 1865 Externe
738 1788 923 1860 obvoluta
946 1802 1036 1858 sunt
1059 1786 1185 1858 tunica
1208 1785 1453 1874 validissima,
1486 1785 1596 1859 densa
1619 1805 1660 1858 et
1685 1783 1811 1874 firma,
1833 1810 1928 1857 cum
1961 1785 2055 1858 dura

545 1940 678 2011 matre,
700 1946 798 2017 quae
820 1924 1007 2016 apinalem
1030 1919 1241 1992 medullam
1271 1887 1409 2021 cingit:
1443 1924 1685 2013 cohaerente,
1717 1923 1898 2019 gauglion
1928 1922 2055 2014 ipsum

547 2057 789 2129 durissimum
814 2055 1008 2130 reddente

440 2240 445 2253 ·
483 2189 526 2287 a)
550 2192 771 2267 secundaria
796 2190 992 2289 (pulposa)
1012 2191 1216 2264 substantie
1240 2193 1282 2271 in
1304 2193 1365 2263 his
1388 2193 1508 2265 laxius
1533 2189 1600 2265 fila
1619 2189 1840 2264 medullaria
1857 2189 1987 2286 cingit,
2002 2190 2054 2260 ita
2131 2268 2142 2281 Ι

547 2347 593 2400 ut
618 2328 778 2400 faciliori
801 2326 956 2423 negotio
979 2325 1030 2397 ab
1056 2327 1113 2398 his
1138 2329 1298 2422 separari
1323 2345 1445 2422 queat.

439 2490 460 2518 ··
480 2460 524 2552 3)
548 2470 701 2556 Semper
721 2472 812 2534 cum
837 2484 913 2533 una
936 2478 1086 2533 tantum
1109 2462 1238 2535 radice
1261 2452 1450 2559 spinalem
1477 2480 1548 2537 aut
1575 2463 1822 2563 oblongatam
1844 2458 2070 2533 medullam*

545 2599 883 2670 versus'colraeret·
991 2585 996 2595 ¹
1286 2585 1289 2591 Δ

389 2778 391 2783 -
483 2727 526 2820 4)
550 2714 721 2804 Directio
746 2731 905 2804 lilo'rum
928 2731 1263 2804 medullariumin
1292 2735 1641 2822 omnibusesdem,
1664 2735 1820 2819 librata,
1843 2730 2054 2804 secundum

446 2918 450 2923 -
546 2886 674 2956 axem,
705 2871 757 2942 ita
780 2884 992 2963 comparata
1015 2887 1091 2954 est,
1120 2885 1165 2938 nt
1197 2894 1329 2942 eorum
1357 2872 1600 2965 complicatio
1625 2871 1679 2942 sit
1707 2870 1916 2941 admodum
1949 2869 2055 2956 levis,

467 2994 474 3005 ⁴
531 3022 587 3074 et
613 3005 681 3076 ubi
703 3004 825 3090 adest,
857 3003 929 3074 sub
952 3002 1164 3074 acutissimo
1191 3007 1331 3100 angulo
1354 2998 1617 3101 conspiciatur.

485 3134 527 3230 5)
554 3142 733 3212 Omnium
757 3137 880 3235 figura
905 3137 983 3210 fere
1008 3136 1151 3222 eadem,
1176 3139 1354 3210 videlicet
1376 3160 1488 3211 orata
1513 3144 1591 3211 sive
1618 3140 1785 3211 olivaria.

582 3275 828 3373 His'ganglia
852 3280 1053 3344 nervorum
1079 3254 1280 3367 spinolium
1302 3278 1456 3374 triginta
1481 3261 1519 3348 in
1552 3278 1684 3370 quovis
1713 3275 1883 3369 corporis
1918 3274 2055 3362 latere,

432 3419 473 3478 et
502 3393 835 3505 insuper‘ganglia
866 3407 973 3478 nervi
1005 3409 1092 3504 vagi
1124 3427 1166 3479 et
1195 3411 1529 3509 glossopliaryngei
1557 3408 1833 3481 adnumeranda
1868 3429 1967 3480 sunt.
2004 3440 2058 3463 -··

432 3549 555 3616 Erunt
572 3524 741 3630 fortassis,
755 3546 819 3638 qui
839 3544 1036 3631 mirentur,
1052 3568 1187 3616 nervos
1205 3569 1318 3645 vagos
1339 3565 1376 3617 et
1393 3549 1751 3643 glossogliaryngeos
1767 3546 1962 3636 systemati
1976 3568 2059 3614 ner·

432 3693 578 3750 vorum
587 3681 788 3774 spinolium
801 3702 824 3749 a
837 3707 897 3752 me
908 3680 1109 3776 adscriptos
1124 3706 1212 3755 esse.
1234 3682 1296 3753 Ad
1306 3685 1378 3754 ltoc
1392 3709 1436 3754 eo
1450 3706 1512 3752 me
1525 3681 1734 3778 impulsum
1748 3678 1940 3764 confiteor,
1953 3677 2056 3772 quod

341 3913 348 3926 ⁸
429 3814 567 3888 modus
587 3813 851 3911 progrediendi
871 3842 890 3886 e
910 3816 1077 3888 medulla
1098 3835 1136 3887 et
1157 3816 1370 3914 egrediendi
1389 3818 1431 3889 in
1444 3819 1507 3890 ‘his
1529 3814 1695 3913 (mvago,
1715 3816 2058 3913 glossopharyngeo

431 3936 600 4021 necnon
623 3967 664 4019 et
688 3931 931 4046 hyp'oglosso)
955 3951 1057 4021 idem
1085 3969 1160 4039 est,
1192 3940 1259 4047 qui
1290 3955 1332 4024 in
1361 3954 1483 4024 nervis
1512 3954 1719 4048 spinalibus
1748 3952 1957 4034 invenit-ur,
1989 3947 2057 4041 qui

432 4085 549 4153 simul
574 4088 742 4157 multum
764 4079 898 4157 differt
919 4086 969 4157 ab
994 4088 1139 4181 origine
1161 4091 1400 4182 reliquorum
1422 4114 1629 4159 nervorum
1655 4089 1860 4177 systematis
1887 4084 2059 4163 cerebrm,

435 4217 501 4300 15⁵3
522 4250 575 4268 -·
598 4221 700 4313 quod
720 4246 838 4315 porro
859 4245 950 4292 cum
974 4224 1242 4322 Sdrumerrin'g,
1269 4226 1522 4297 chaussier-et
1546 4226 1678 4297 Biclrat
1695 4244 1764 4295 etc.
1788 4222 2058 4314 mihipersna·

437 4374 520 4421 sum
545 4351 676 4436 nabeo,
697 4378 778 4426 esse
803 4358 1009 4427 medullam
1036 4359 1274 4454 oblongarum
1300 4362 1398 4432 nihil
1426 4361 1540 4446 aliud,
1566 4385 1678 4454 quam
1697 4353 2058 4447 metlullae-spinalis

434 4483 723 4582 productionem
745 4490 796 4558 ad
817 4496 963 4563 cerebri
976 4503 1024 4564 ⁴et
1045 4496 1229 4566 cerebelli
1251 4520 1389 4592 organa
1414 4496 1628 4568 tendentem
1670 4494 1739 4584 („ls
1771 4491 1866 4559 bullo
1889 4490 2060 4580 superieur

434 4619 484 4688 du
502 4620 757 4713 Ps⁰l⁰²lgflmel²l
782 4625 971 4694 sasdfdlftt“
995 4631 1197 4702 secundnm
1225 4631 1444 4720 Cltanssier).
1496 4637 1596 4705 Huic
1616 4629 1854 4701 similitudini
1877 4653 1961 4698 cum
1976 4650 2060 4695 ner·

434 4759 493 4830 vis
515 4762 721 4856 spinalilsus
747 4784 1010 4858 argumentum
1033 4769 1251 4860 neutiquam
1279 4769 1362 4839 leve
1376 4771 1572 4839 accessisse
1598 4766 1709 4837 credo
1731 4793 1788 4856 eo,
1812 4762 1913 4857 quod
1938 4762 2059 4854 capite
