4590 5858
1791 758 1850 840 95:

900 905 933 1000 i·
981 916 1153 988 UOEX·
1228 968 1231 973 ·

246 1120 250 1126 .
362 1051 541 1124 Fasciouli
567 1048 701 1127 radicis
724 1045 962 1145 posterioris'‚
994 1069 1188 1145 postquam
1211 1049 1331 1123 soluti
1356 1051 1532 1148 ganglion
1555 1053 1697 1148 spinale
1722 1074 1839 1134 mano

210 1189 324 1288 gressi
348 1206 445 1276 sunt,
470 1187 680 1275 recollecti,
706 1184 770 1257 viar
794 1183 954 1257 domum
981 1186 1168 1259 linearum
1191 1185 1355 1284 spatium
1386 1188 1608 1283 procedunt,
1641 1215 1728 1264 cum
1757 1193 1837 1286 jam

110 1384 116 1397 ..
209 1325 396 1399 fasciculis
420 1324 555 1397 radicis
580 1320 797 1409 anterioris,
829 1345 874 1393 eo
900 1345 1017 1418 usque
1043 1305 1193 1418 penitus
1217 1321 1390 1414 sejunctis
1415 1342 1457 1397 et
1480 1328 1651 1414 remotis,
1680 1352 1836 1403 connec-

208 1479 347 1550 tantur,
373 1461 492 1557 iisque
516 1477 615 1532 arcte
641 1459 950 1531 commisceantur
975 1455 1277 1557 (rig.v111.d·y.
1303 1458 1339 1530 f·
1354 1479 1383 1529 t.
1396 1452 1495 1542 etc.)-
1529 1463 1602 1553 Qui
1620 1485 1837 1562 congressus

206 1598 363 1671 intimos
389 1595 544 1692 quidem
568 1594 623 1666 ita
648 1589 712 1682 fit,
745 1609 786 1663 ut
812 1617 962 1689 prorsus
988 1591 1138 1666 definiri
1163 1613 1339 1690 nequeat,
1371 1596 1524 1690 quinam
1549 1599 1784 1672 ramulorum
1809 1625 1833 1675 e

127 1754 131 1764 ’
206 1734 638 1824 trunco,·coniunc'tione
665 1736 808 1816 exorto,¹
834 1752 1115 1827 progressorum
1140 1730 1241 1818 huic,
1266 1731 1419 1826 quinam
1444 1731 1505 1802 illi
1521 1730 1634 1804 radici
1646 1737 1832 1831 originem

206 1865 348 1956 debeat,
373 1870 447 1942 nisi
472 1870 596 1942 forsan
621 1863 688 1938 fila
714 1862 896 1960 quaedam
922 1890 1103 1961 perpauca
1129 1866 1239 1962 plane
1270 1864 1317 1936 ad
1341 1863 1580 1960 superficiem
1606 1871 1832 1948 anteriorem

206 2021 270 2075 aut
295 2005 544 2101 posteriorem
570 2003 698 2075 munci
722 2002 932 2075 communis
956 2003 1026 2074 sita
1050 2001 1222 2095 excipere
1242 2002 1412 2075 velist-
1435 2005 1605 2072 Truncus
1622 2008 1831 2080 communis

204 2136 410 2209 ner'vorum
434 2139 637 2234 spinalium
662 2134 764 2209 haud
791 2133 858 2207 diu
884 2137 1046 2233 simplex
1078 2153 1117 2207 et
1146 2136 1326 2208 indivisus
1358 2154 1544 2226 remanet3
1581 2138 1623 2207 in
1654 2140 1831 2234 plurimis

204 2271 627 2370 nempe-'conjunctione
655 2269 730 2340 vix·
745 2268 893 2365 penitus
920 2289 1076 2365 peracta,
1102 2269 1195 2341 dum
1221 2295 1334 2343 unam
1355 2287 1420 2341 aut
1439 2268 1527 2342 duas
1546 2272 1662 2344 lineas
1682 2275 1831 2351 circiter
1925 2317 1929 2326 ·

203 2420 421 2504 progressus
445 2410 516 2494 sit,'
538 2429 664 2478 rursus
691 2401 875 2475 dividitur
899 2405 944 2477 in.
961 2406 1190 2480 anteriorem
1214 2422 1254 2477 et
1278 2404 1526 2501 posteriorem
1550 2431 1711 2482 ramum.
1751 2418 1842 2484 Hm·
1898 2478 1900 2482 ,

202 2542 291 2618 runt
316 2545 481 2616 anterior
506 2542 763 2639 posteriorem
776 2540 1228 2638 magnitudinessuperatr
1252 2564 1349 2634 quae
1368 2533 1579 2612 differentia
1591 2560 1716 2615 tamen
1728 2546 1830 2619 haud

201 2678 445 2752 irensibus
470 2675 613 2751 eadem.
661 2683 708 2746 ln
732 2675 986 2770 superioribus
1009 2677 1191 2748 nimirum
1217 2696 1255 2748 et
1279 2674 1521 2747 inferioribus
1546 2678 1674 2771 spinae
1698 2681 1830 2755 huma·

203 2831 272 2888 nae
297 2810 421 2885 nervis
447 2810 636 2908 posterior
659 2834 784 2883 ramus
811 2814 889 2882 tstn
915 2812 1071 2908 exiguus
1096 2811 1344 2906 conspicitur,
1370 2827 1415 2881 ut
1440 2827 1631 2902 tamquam
1656 2816 1828 2889 surculus

204 2941 338 3045 parvus
355 2944 402 3016 ¹et
428 2945 513 3016 vilia
536 2945 731 3016 anterioris
755 2946 853 3016 rami
878 2963 1025 3018 tantum
1052 2946 1131 3019 lere
1155 2964 1327 3042 appareat
1345 2941 1390 3034 ¹).
1428 2942 1562 3016 Medio
1576 2943 1687 3018 dorso
1701 2967 1828 3025 autem

203 3082 541 3180 appropinquantes
565 3079 638 3151 sibi
662 3080 779 3174 ungis
804 3080 975 3174 aequales
997 3105 1076 3152 esse
1096 3079 1290 3173 videntum
1315 3084 1479 3154 attamen
1495 3073 1705 3152 differentia
1718 3106 1828 3177 quae·

203 3219 301 3306 dant,
327 3215 418 3287 licet
443 3212 521 3284 no'n
546 3228 623 3284 tam
648 3213 854 3300 manifesta,
877 3238 1028 3310 semper
1050 3217 1292 3309 relinquitur.
1341 3216 1401 3288 Sic
1427 3238 1460 3289 e.
1485 3235 1522 3310 g.
1546 3217 1655 3288 uerri
1678 3216 1825 3291 inter·

139 3357 140 3360 ’
202 3355 397 3429 costales
421 3349 544 3422 ubivis
569 3350 697 3443 paullo
723 3347 1221 3444 ampliores‘dorsalibns
1245 3365 1333 3422 sunt
1360 3351 1411 3439 ²)-
1445 3377 1498 3402 -

524 3484 529 3490 .
891 3479 926 3575 §0
977 3486 1127 3554 Lm

309 3646 312 3655 ·
352 3617 475 3715 Magis
501 3634 626 3688 tamen
651 3613 699 3683 ad
722 3637 806 3684 rem
826 3633 990 3687 nostram
1010 3636 1150 3712 spectat
1168 3639 1295 3688 ramus
1310 3614 1384 3685 ille
1402 3612 1657 3708 utplurimum
1672 3614 1824 3712 duplex,
1922 3708 1925 3714 Ι

202 3754 274 3852 qui
301 3774 323 3824 e
353 3771 488 3824 trunco
513 3750 678 3843 'cujusvis
710 3750 817 3819 nervi
843 3749 1015 3844 spinalis,
1053 3751 1315 3844 conjunctione
1345 3750 1542 3843 utriusque
1571 3746 1705 3824 radicis
1737 3774 1822 3826 ante

200 3891 376 3990 gaagiioa
402 3888 544 3985 spinale
561 3884 673 3970 lacu,
698 3882 856 3979 quodvis
881 3887 1058 3985 ganglion
1082 3888 1190 3959 nervi
1214 3885 1440 3982 syutpathici
1465 3886 1592 3982 magni
1626 3908 1751 3981 petens
1776 3907 1835 3964 et·

201 4018 555 4122 regeneraretur.
631 4025 691 4093 De
723 4021 798 4109 ltoc
828 4046 965 4119 nempe
998 4022 1064 4096 din
1094 4048 1227 4123 magna
1258 4020 1433 4094 dissernio
1467 4023 1566 4092 inter
1597 4027 1821 4098 anatomicos

202 4161 364 4245 exstitit*
381 4156 510 4229 istrum
529 4180 553 4228 a
568 4163 774 4252 posteriore
800 4179 847 4229 an
872 4162 995 4255 potius
1009 4184 1057 4231 ex
1073 4160 1256 4233 anteriore
1280 4154 1406 4230 radice
1423 4158 1513 4246 sola,
1533 4180 1579 4226 an
1600 4155 1753 4232 demum
1773 4185 1821 4234 ex

201 4312 404 4336 ...ann—¹⁶·—

269 4390 298 4460 r)
333 4388 369 4449 V.
386 4389 488 4454 Basso,
507 4402 663 4442 nemorum
681 4385 867 4443 amicalium
892 4405 1032 4446 anatome.
1058 4385 1121 4461 rig.
1138 4386 1161 4444 l.
1183 4384 1255 4443 Litt.
1274 4402 1297 4444 e.
1319 4382 1338 4442 i.
1355 4399 1383 4460 g.
1400 4380 1431 4444 lt.
1449 4382 1469 4446 i.
1487 4384 1513 4446 l.
1530 4385 1550 4448 Ι.
1568 4404 1607 4448 m.
1624 4380 1696 4446 nso.
1714 4416 1749 4432 ·-
1783 4387 1818 4450 G.

387 4475 539 4537 wama,
556 4468 670 4526 tabulae
686 4488 842 4525 nervorum
862 4475 938 4536 thor,
956 4493 984 4530 er
1000 4470 1168 4529 abdominis.
1186 4471 1254 4530 Tab.
1272 4473 1294 4530 1.
1313 4469 1358 4546 fig.
1377 4473 1399 4529 l.
1418 4470 1487 4529 Nro.
1506 4473 1548 4542 76.
1568 4488 1625 4530 rto.
1645 4473 1771 4540 136.133.
1786 4499 1816 4515 -

242 4594 246 4615 ι
367 4559 515 4621 ‚ramum
533 4573 561 4611 et
578 4552 734 4615 adeundum
751 4575 801 4627 per
817 4577 972 4614 nervorum
991 4555 1177 4614 arricrlium
1194 4555 1355 4621 aja-nmen
1372 4555 1537 4630 excipienda
1557 4571 1639 4623 sunt,
1658 4556 1689 4608 iu
1709 4556 1816 4627 quibat

343 4687 348 4695 .
381 4645 524 4727 posterior
540 4660 636 4697 rarum
653 4641 786 4697 anteriori
805 4641 862 4697 lere
879 4644 1014 4719 amplior,
1032 4637 1129 4695 saltem
1148 4643 1273 4717 aequalis
1291 4658 1349 4695 etse
1366 4642 1489 4699 ridetur.
1536 4640 1611 4695 Vide
1628 4657 1651 4696 e.
1671 4655 1698 4709 g.
1722 4643 1816 4704 acca,

306 4748 311 4755 ·
340 4718 530 4800 -aelpmird
547 4744 613 4801 pm
627 4743 784 4780 nervorum
799 4724 944 4783 medullae
961 4726 1087 4802 spinalis.
1109 4726 1167 4803 lig}
1180 4739 1205 4796 3.
1223 4726 1296 4786 Litt.
1316 4712 1491 4801 l.t.etFig‚
1501 4739 1527 4794 5.
1538 4722 1611 4785 Lite.
1624 4738 1648 4792 c·
1659 4722 1693 4773 Σ·
1727 4722 1815 4777 Bato

384 4812 404 4872 l.
423 4832 446 4871 o.
467 4814 524 4887 fig,
542 4814 564 4871 1,
582 4811 655 4872 Litt.
674 4831 697 4872 r.
719 4812 745 4871 b.
764 4830 787 4870 c.
806 4811 832 4870 d.
1820 4830 1830 4847 ⁰

268 4901 296 4970 a)
331 4901 366 4959 G,
384 4900 537 4962 Watrrn,
554 4898 573 4954 l.
592 4915 615 4956 r.
633 4899 699 4957 lab.
717 4899 740 4956 1.
758 4898 829 4955 Nro.
851 4907 893 4965 24.
911 4897 953 4971 76.
986 4893 1430 4969 st.111.Nra33.752·era.
