4590 5858
330 679 398 752 118

326 858 468 932 tarunt3
492 840 559 935 qui
584 856 709 911 autem
733 862 797 911 eos
822 837 941 910 secuti
966 850 1060 919 sunt,
1087 851 1127 903 et
1150 830 1191 900 in
1217 831 1274 903 his
1295 830 1529 928 potissimum
1550 832 1758 920 Murzcun,
1782 839 1940 924 Btcnsr,

257 1001 261 1007 ’
328 987 439 1064 Rau,
463 977 552 1048 huic
577 971 782 1070 cognitioni
807 976 974 1047 multum
1007 964 1246 1052 addiderunt,
1281 991 1436 1061 eamque
1467 968 1581 1037 simul
1614 968 1800 1060 praeclare
1834 993 1942 1040 exco-

330 1117 495 1186 luerunt.
546 1114 715 1202 Quorum
739 1112 908 1181 virorum
933 1103 1054 1187 dictis,
1088 1125 1176 1171 cum
1206 1102 1360 1197 reliquis
1393 1102 1595 1199 diligenter
1621 1123 1641 1170 a
1666 1126 1729 1172 me
1755 1125 1943 1198 compara·

332 1247 389 1331 tis,
417 1267 459 1315 ea
483 1267 595 1337 quem
620 1246 781 1315 maxime
808 1242 854 1314 ad
889 1224 1084 1310 veritatem
1116 1235 1308 1319 accedere,
1344 1256 1446 1309 certo
1479 1237 1576 1309 mihi
1609 1237 1783 1329 persuasi.
1845 1243 1943 1311 Cum

330 1377 421 1448 'uero
461 1375 571 1466 hujus
609 1380 811 1449 sententiae
851 1374 1013 1446 cultores
1050 1370 1241 1462 praecipui
1279 1367 1326 1439 ad
1365 1395 1448 1442 eam
1484 1371 1569 1441 satis
1608 1367 1832 1471 fundandam
1874 1376 1943 1446 mi.

333 1533 401 1580 nus
428 1511 630 1604 propriis
656 1512 867 1583 anatomicis
890 1501 1245 1597 investigationibus,
1271 1526 1382 1597 quam
1407 1508 1532 1602 potius
1559 1504 1759 1575 aliorum
1783 1504 1841 1576 usi
1860 1505 1945 1592 sint,

334 1666 470 1713 meum.
488 1644 721 1736 potissimum
747 1644 850 1729 duxi,
873 1640 1021 1738 ganglia
1035 1636 1193 1732 propriis
1213 1640 1424 1710 anatomicis
1441 1637 1740 1734 indagationibus
1753 1637 1945 1728 subjicere,

335 1791 377 1847 ut
403 1775 471 1845 tali
496 1775 608 1846 modo
628 1791 750 1845 certus
765 1772 907 1856 fierem,
931 1769 1151 1867 quibusnam
1164 1787 1433 1843 antecessorum
1445 1771 1564 1859 dictis,
1579 1768 1819 1842 fundamento
1832 1769 1945 1844 firmo

336 1910 494 1992 innixus,
518 1909 737 1994 consentire,
761 1930 940 2000 quaenam
967 1932 989 1978 e
1014 1906 1199 1979 contrario
1224 1906 1314 1976 huic
1339 1904 1543 1992 confidens,
1568 1904 1663 1994 justo
1677 1902 1850 1975 refellere
1864 1931 1948 2001 pos·

336 2066 427 2111 sem.
460 2074 512 2092 -
572 2045 633 2110 Ne
659 2059 781 2113 tamen
806 2039 936 2112 ordine
962 2057 1062 2111 certo
1090 2039 1275 2124 excidam,
1309 2063 1352 2110 es
1384 2041 1550 2135 primum
1575 2036 1743 2132 proferre
1767 2041 1946 2111 constitui

340 2189 553 2269 argumenta
579 2173 840 2268 physiologica,
866 2174 1001 2267 quibus
1025 2174 1258 2270 gangliorum
1284 2171 1421 2245 fabrica
1447 2192 1486 2247 et
1508 2173 1599 2266 justa
1621 2173 1817 2243 methodus
1838 2175 1948 2245 ratio-

339 2304 487 2377 cinandi
512 2303 767 2399 adversantem
794 2305 928 2378 deinde
955 2333 1044 2379 vero
1068 2333 1113 2379 ea
1139 2305 1341 2402 digerenda
1366 2332 1506 2394 censeo,
1536 2332 1629 2404 quae
1654 2308 1714 2379 bis
1738 2306 1824 2399 ipsis
1849 2330 1950 2378 corn·

339 2437 552 2532 probantur,
579 2438 712 2530 quibus
739 2437 912 2534 denique,
937 2466 1031 2536 quae
1057 2464 1139 2513 mea
1165 2457 1269 2526 sunt,
1294 2441 1409 2512 simul
1432 2440 1633 2540 adjungere
1660 2441 1834 2514 conabor.

1084 2572 1115 2662 §.
1166 2577 1207 2643 C.

492 2706 592 2796 Quae
618 2718 744 2774 autem
769 2702 900 2794 justam
922 2725 960 2778 et
980 2725 1145 2779 exactam
1165 2705 1418 2797 quaestionem
1434 2731 1510 2778 non
1525 2709 1719 2794 sustinent,
1737 2708 1828 2779 haec
1847 2723 1951 2778 sunta

492 2839 535 2906 Α.
586 2836 781 2932 Ganglia
805 2837 957 2912 fontes
990 2859 1125 2935 atque
1159 2843 1390 2935 principis
1416 2865 1662 2913 nervorum
1687 2842 1952 2935 systematis

343 2967 597 3062 vegetativi
622 2988 746 3058 sunt,
771 2972 848 3068 qui
874 2998 1036 3069 nempe
1061 2976 1108 3046 in
1133 2976 1238 3045 illis
1264 2974 1535 3048 radicantur
1557 2994 1701 3070 atque
1725 2976 1955 3072 originem

344 3102 552 3174 trahunt·

494 3243 550 3306 Ex
582 3257 657 3327 quo
690 3253 882 3329 tempore,
919 3243 1084 3332 primum
1116 3240 1381 3334 descriptiones
1418 3241 1648 3313 anatomicae
1684 3261 1839 3329 exstant,
1876 3265 1958 3314 mos

349 3385 459 3459 atque
486 3363 564 3433 fere
588 3361 644 3452 jus
667 3383 759 3452 erat,
784 3392 914 3441 omnes
939 3397 1119 3445 nervose
1145 3373 1298 3444 cerebro
1325 3346 1581 3444 aut'medulla
1612 3373 1748 3468 spinali
1770 3372 1959 3461 derivare,

349 3501 415 3594 qui
441 3498 586 3594 plantis,
611 3514 676 3567 sut
701 3518 799 3573 certe
824 3506 984 3602 polypis,
1010 3505 1110 3576 baud
1134 3509 1330 3592 absimiles,
1355 3507 1395 3577 in
1419 3506 1478 3577 his
1502 3506 1641 3579 radices
1667 3529 1785 3603 agant,
1810 3531 1961 3579 succum

349 3634 548 3704 nutritium
575 3631 730 3718 trahant,
757 3660 803 3706 ex
828 3639 886 3709 his
913 3640 1198 3736 progerminent,
1223 3659 1396 3728 crescant,
1421 3639 1580 3714 alantur.
1637 3643 1786 3714 Nostris
1818 3659 1961 3735 tempo·

351 3767 455 3837 ribus
482 3762 635 3860 quidem
660 3782 735 3837 tam
760 3771 925 3843 multum
956 3793 999 3844 et
1030 3792 1107 3846 tam
1138 3778 1326 3872 praeclare
1354 3792 1484 3845 contra
1514 3775 1609 3847 hanc
1641 3778 1857 3873 opinionem
1887 3775 1963 3866 jam

354 3900 581 3994 disputatum
605 3916 672 3983 est,
696 3918 741 3968 ut
767 3901 814 3972 de
840 3929 882 3974 ea
908 3905 980 3996 jam
1007 3929 1129 3981 actum
1154 3935 1243 3996 esse,
1269 3910 1347 3993 iere
1372 3906 1582 3995 credideris,
1614 3910 1689 3981 nisi
1715 3935 1834 4005 nuper
1859 3936 1880 3981 a
1905 3932 1964 3980 oe·

353 4033 562 4104 leberrimis
588 4035 781 4105 nonnullis
806 4039 896 4111 viris
922 4041 1045 4115 denuo
1072 4043 1219 4115 defensa
1245 4058 1337 4114 esset
1352 4039 1400 4129 ¹).
1449 4044 1585 4133 Quare,
1609 4065 1697 4116 cum
1720 4043 1848 4115 omnia
1868 4065 1965 4137 quae

356 4164 415 4234 his
446 4167 518 4236 rite
550 4167 688 4261 opponi
721 4170 879 4263 possint,
918 4175 1034 4248 fusius
1063 4202 1269 4272 exponere,
1312 4175 1422 4265 hujus
1455 4177 1533 4247 loci
1565 4201 1642 4247 non
1674 4179 1741 4267 sit,
1783 4177 1966 4249 nonnulla

356 4297 488 4369 saltem
511 4317 682 4391 repetere
706 4302 829 4378 liceat.
854 4342 906 4360 ·-·
938 4312 975 4381 Si
1002 4308 1264 4385 formationem
1297 4311 1415 4382 foetus
1446 4313 1620 4385 attentius
1653 4315 1967 4410 contemplamur,

360 4453 436 4501 non
458 4453 584 4502 omnes
607 4434 762 4527 ,quidem
785 4440 948 4538 singulas
970 4443 1052 4535 ejus
1077 4464 1201 4540 partes
1226 4447 1341 4517 simul
1366 4445 1540 4518 formatas
1563 4464 1606 4518 et
1628 4470 1747 4542 aeque
1766 4446 1970 4520 elaboratas

430 4705 458 4774 r)
491 4704 539 4758 cl.
554 4721 579 4763 e.
595 4720 625 4780 g.
642 4705 665 4763 l.
685 4706 714 4764 F.
734 4709 868 4778 Mrem,
885 4714 1031 4774 deutscbss
1047 4722 1157 4778 Archiv
1175 4724 1223 4779 fur
1239 4723 1285 4778 die
1304 4721 1497 4797 Physiologia.
1523 4719 1577 4780 Bd.
1596 4722 1619 4781 1,
1637 4740 1699 4799 pag.
1716 4731 1761 4793 34.
1777 4751 1812 4769 -
1844 4724 1905 4783 lits.
