4590 5858
1926 652 1977 734 ²3

349 819 416 893 tati
437 839 506 890 uon
531 812 817 908 obtemperantes„
842 800 1089 906 [ventriculum
1116 801 1190 903 erc]
1226 830 1365 900 quarum
1391 810 1483 900 nervi
1508 809 1559 882 vel
1580 811 1717 903 omnino·
1739 813 1891 913 ganglia
1916 839 1977 892 ca·

348 972 456 1041 ream,
485 952 535 1022 vel
556 973 696 1046 quarum
714 944 820 1042 ponci
841 943 908 1013 sint
933 941 1026 1012 nervi
1054 965 1097 1010 ex
1127 942 1276 1033 gangliis
1308 945 1407 1013 orti.“
1439 946 1488 1040 ¹),
1513 985 1565 1003 -
1614 957 1808 1029 Postremo
1836 983 1883 1031 ex
1914 961 1973 1035 hi,

348 1091 607 1190 physiologice
629 1082 837 1159 contendit:
889 1087 920 1152 1.
950 1078 1113 1166 „Sensum
1137 1076 1290 1170 gangliis
1314 1103 1381 1148 non
1413 1084 1570 1154 imminui·
1621 1093 1669 1161 ΙΙ.
1704 1085 1978 1164 Contractionem

349 1225 438 1295 iridis
462 1221 718 1295 involuntariam
739 1241 806 1287 non
821 1215 968 1311 pendere
992 1239 1014 1282 α
1038 1212 1182 1308 ganglia
1196 1196 1403 1304 lenticulari,
1430 1221 1490 1288 sed
1510 1220 1733 1294 inhabilitate
1755 1229 1920 1298 retinae.“
1936 1231 1973 1326 ²)

350 1369 452 1462 Quae
478 1363 603 1435 omnia
628 1383 696 1458 per
721 1355 972 1453 sympathiam
995 1376 1217 1444 nervorum,
1248 1358 1482 1453 apoplexiam
1508 1377 1545 1431 et
1570 1361 1757 1456 paralysin
1782 1366 1977 1444 illustrare

351 1520 516 1574 conatur.

500 1640 563 1707 De
585 1628 774 1705 radicibus
796 1650 1000 1700 nervorum
1025 1626 1225 1722 spinalium
1245 1651 1322 1699 non
1343 1628 1456 1699 simul
1474 1629 1617 1726 ganglii
1638 1630 1801 1728 speciem
1819 1635 1977 1712 induen-

349 1771 453 1846 tibus
476 1773 620 1867 primus
646 1767 800 1836 omnino
826 1761 911 1851 luit,
937 1762 1003 1856 qui
1029 1764 1186 1849 monuit,
1212 1788 1388 1836 asserens:
1424 1765 1465 1834 in
1496 1764 1595 1836 bove
1624 1771 1854 1844 anteriorem
1877 1774 1974 1869 radi2

350 1932 433 1981 cem
456 1931 532 1978 non
559 1923 675 1978 totam
701 1901 748 1976 in
769 1899 946 1998 ganglion
970 1895 1131 1998 ingredi,
1155 1898 1221 1970 sed
1247 1917 1418 1997 exparte
1441 1900 1655 1996 praeterire,
1677 1907 1805 2001 paucis
1824 1925 1972 1986 tantum

347 2044 508 2121 surculis
534 2043 571 2116 ei
593 2038 785 2114 immissis.
821 2025 857 2124 ³)

1042 2163 1079 2260 t.
1127 2173 1261 2241 xvur.

501 2321 528 2387 1.
555 2319 591 2384 F.
616 2316 849 2382 Isaurorum
881 2304 1161 2378 subtilissimam
1194 2323 1231 2377 et
1259 2331 1308 2375 ne
1339 2304 1408 2376 vix
1436 2303 1592 2401 quidem
1624 2312 1874 2390 extricandam
1904 2320 1978 2395 im·

328 2450 596 2547 ,plicationem
619 2443 859 2541 surculorum
883 2465 1111 2514 nerteorurn
1136 2441 1297 2538 gangliis
1307 2442 1423 2512 inesse
1437 2440 1644 2516 confirmat„
1683 2449 1834 2521 Deinde
1846 2453 1975 2540 etiam,

342 2585 383 2685 ‘si
406 2585 565 2656 materia
587 2603 743 2657 nervosa
766 2578 809 2649 in
833 2577 1041 2648 canaliculo
1066 2573 1270 2647 medullari
1296 2595 1510 2664 moveatur,
1540 2578 1644 2649 hunc
1672 2599 1797 2654 tamen
1824 2605 1972 2659 motum

348 2743 428 2791 uon
452 2717 502 2790 ad
523 2714 750 2790 canaliculos
776 2710 957 2806 parallele
982 2713 1076 2784 sitos
1097 2706 1305 2808 transgredi
1331 2735 1452 2804 posse,
1484 2711 1588 2807 quod
1618 2739 1712 2787 vero
1742 2715 1830 2793 fieri
1860 2740 1972 2819 queat

349 2853 393 2924 in
418 2877 624 2927 nervorum
655 2846 980 2944 implicationibus
1009 2864 1125 2940 atque
1153 2841 1282 2932 nodis,
1313 2844 1382 2916 ubi
1414 2848 1548 2917 canalis
1581 2852 1700 2921 canali
1731 2855 1804 2926 sub
1833 2858 1976 2956 angulo

352 2984 516 3081 quodam
558 2983 868 3081 superimpositus
908 2980 969 3050 sit.
1045 2979 1151 3051 Hinc
1185 2979 1332 3076 ganglia
1376 2980 1612 3074 potissimum
1648 3007 1787 3082 organa
1821 3013 1976 3064 consen·

349 3145 412 3192 sus
436 3120 538 3190 inter
563 3120 706 3190 viscera
729 3112 901 3187 habenda
926 3132 1067 3202 cernet,
1090 3138 1185 3210 quae
1212 3106 1256 3182 ir'r
1277 3112 1338 3184 his
1361 3114 1488 3204 simul,
1510 3116 1579 3189 ubi
1603 3142 1700 3214 opus
1721 3123 1788 3212 rit,
1810 3121 1976 3199 functio·

348 3279 421 3329 nes
442 3280 579 3354 augere
607 3272 644 3327 et
670 3253 874 3325 accelerare
899 3250 1051 3344 possint.
1079 3238 1120 3339 ⁴)

505 3395 638 3463 Tissor
663 3387 713 3459 de
736 3384 975 3482 gangliorum
1000 3409 1073 3456 usu
1098 3382 1296 3470 disserens,
1328 3401 1528 3458 auctorum
1561 3387 1755 3482 opiniones
1780 3393 1977 3493 ingeniose

353 3542 532 3612 recenset,
555 3546 733 3616 suamque
760 3518 901 3609 adjicit.
956 3521 1037 3591 Etsi
1063 3520 1176 3607 enim,
1201 3519 1341 3614 inquit,
1366 3544 1443 3588 non
1469 3522 1613 3592 occasio
1637 3525 1709 3596 sibi
1734 3527 1870 3618 fuerit,
1892 3557 1979 3604 ana·

355 3663 507 3733 tomicas
529 3655 802 3750 disquisitiones
827 3653 876 3725 de
900 3655 1139 3750 gangliorurn
1163 3653 1301 3724 fabrica
1325 3644 1555 3740 instituendi,
1582 3674 1710 3761 tamen
1724 3661 1798 3734 sibi
1816 3662 1865 3735 de
1888 3669 1980 3764 Zin.

355 3797 410 3868 nii
433 3793 629 3879 sententia,
651 3788 775 3886 quoad
799 3814 1004 3861 nervorum
1029 3788 1235 3876 involucra,
1257 3791 1312 3860 sic
1336 3804 1375 3858 et
1397 3785 1448 3855 de
1463 3787 1650 3865 Meckelii
1666 3797 1856 3890 opinione,
1873 3801 1980 3896 quod

355 3928 487 3997 attinet
512 3921 773 3998 funiculorum
795 3950 1023 3996 nerveorum
1041 3926 1230 4010 coalitum,
1249 3944 1464 4021 persuasum
1482 3921 1634 4008 habere.
1685 3930 1866 4022 Tandem,
1878 3955 1978 4031 post.

355 4083 469 4172 quam
492 4061 713 4135 Johnstonei
738 4086 834 4156 opns
857 4061 971 4132 valde
992 4060 1168 4148 laudavit,
1195 4059 1318 4131 addit:
1349 4053 1424 4147 „Je
1448 4081 1491 4125 na
1512 4059 1617 4128 seron
1631 4054 1735 4153 poini
1755 4063 1886 4159 e'loigne'
1907 4091 1979 4139 non

351 4191 431 4286 plus
454 4193 494 4260 de
514 4214 647 4286 penset,
669 4217 744 4287 que,
768 4195 910 4290 quoique
932 4195 962 4264 Ia
985 4194 1127 4290 syrtime
1154 4195 1197 4262 de
1225 4193 1293 4263 tllr.
1314 4190 1557 4285 Johnstona
1585 4219 1629 4264 ne
1656 4197 1721 4266 soit
1745 4222 1814 4292 pus
1843 4203 1980 4275 absolu·

355 4346 446 4399 ment
472 4345 580 4416 exact,
606 4328 696 4398 ilua
719 4353 754 4399 se
774 4332 929 4423 pourroit
954 4331 1135 4425 rependant
1160 4327 1227 4399 tris
1251 4329 1337 4417 bien,
1362 4355 1428 4424 que
1450 4331 1496 4399 let
1516 4331 1699 4425 ganglions
1715 4336 1980 4410 contribuassent

359 4489 405 4541 un
427 4489 494 4560 peu
519 4461 542 4535 d
566 4467 715 4538 mederer
741 4466 873 4537 iaction
905 4466 945 4538 de
970 4467 1008 4536 Io
1037 4467 1169 4544 volanti
1196 4488 1258 4534 rur
1285 4467 1332 4534 les
1355 4468 1505 4562 parties,
1534 4467 1594 4565 qui
1622 4487 1681 4541 out
1710 4470 1982 4547 tabitnellemenr

358 4623 561 4636 m—

427 4696 461 4767 1)
492 4695 513 4749 l.
531 4714 553 4751 c.
571 4696 698 4764 ΗΙΧ,
897 4700 931 4771 a)
962 4698 1020 4758 lc.
1039 4693 1149 4765 ΗΧ,
1348 4701 1378 4772 3)
1414 4701 1478 4762 l.c.
1498 4706 1523 4774 fi,
1542 4698 1625 4760 XIV.

426 4809 457 4867 4)
492 4798 540 4868 Ej.
556 4799 686 4856 Versucb
704 4800 776 4857 uber
792 4803 839 4860 ti·
855 4804 984 4862 Nervae.
1016 4800 1159 4876 Erlrngea
1178 4810 1252 4873 1774.
1271 4801 1295 4870 J.
1313 4811 1355 4870 42.
1373 4822 1440 4881 pag,
1456 4793 1512 4877 13o.
