4590 5858
922 856 953 948 S.
1003 864 1125 932 XCIV.

492 989 689 1059 Substantia
712 991 911 1061 secundaria
930 992 1148 1084 gangiiorznn
1170 992 1353 1084 systematis
1380 991 1565 1085 vegetativi.

368 1127 628 1200 Secundariam
653 1130 792 1230 horum
817 1131 1057 1203 substantiam
1080 1131 1276 1224 pulposam
1307 1124 1460 1208 differre
1490 1129 1538 1199 ab
1567 1129 1636 1202 illa
1665 1132 1830 1229 ganglia·

216 1285 305 1331 ram
330 1262 444 1355 primi
470 1279 511 1332 et
534 1261 685 1333 secundi
716 1262 868 1352 ordinis,
900 1268 928 1346 §·
954 1267 1110 1334 XLVIII
1140 1260 1216 1352 jam
1245 1259 1367 1335 docet.
1441 1264 1586 1358 Quibus
1613 1261 1690 1355 jam
1720 1266 1829 1339 dictis

216 1396 309 1467 haec
336 1411 482 1467 tantum
506 1394 710 1486 adjicienda
734 1397 929 1470 videntur:

368 1532 492 1627 Magis
516 1531 729 1624 constipata,
755 1530 896 1618 durior,
920 1532 1001 1602 imo
1024 1552 1176 1625 quoque
1188 1529 1354 1601 tenacior
1366 1547 1423 1602 est
1434 1531 1571 1602 haecce
1581 1534 1706 1629 pulpa,
1717 1555 1831 1627 quam

216 1665 386 1759 priorum
412 1662 601 1739 ordinum.
662 1670 708 1739 In
733 1686 869 1763 genere
892 1667 924 1736 si
955 1664 1080 1759 quoad
1109 1681 1246 1736 statum
1276 1667 1394 1762 magis
1418 1670 1545 1739 laxum
1571 1686 1639 1738 aut
1658 1669 1830 1739 strictum

215 1797 327 1888 hujus
350 1798 575 1870 substantiae
596 1801 746 1896 ganglia
769 1803 867 1873 inter
891 1824 932 1872 se
953 1822 1169 1893 comparare
1194 1798 1376 1885 velimus,
1401 1801 1553 1872 secundi
1577 1800 1721 1872 ordinis
1744 1825 1830 1898 gan·

216 1931 292 2026 glia
317 1931 472 2026 pulpam
495 1933 662 2004 maxime
685 1936 827 2022 laxam,
851 1934 965 2030 primi
996 1933 1138 2005 ordinis
1169 1932 1243 2023 jam
1274 1934 1500 2006 strictiorem
1533 1932 1675 2028 (paullo
1703 1935 1832 2008 durio·

214 2089 309 2151 rem,
332 2083 397 2136 aut
422 2067 541 2162 magis
565 2068 636 2139 sibi
661 2064 948 2154 cohaerentem),
971 2100 1024 2119 -
1048 2090 1144 2159 quae
1166 2083 1292 2136 autem
1318 2068 1423 2137 tertii
1449 2067 1592 2140 ordinis
1615 2087 1721 2156 sunt,
1744 2069 1831 2141 sub-

214 2197 389 2269 stantiam
418 2191 576 2291 reliquis
605 2199 845 2285 solidiorem,
878 2198 1069 2291 simulque
1098 2199 1323 2269 tenaciorem
1353 2203 1547 2275 continere
1576 2203 1829 2277 observamus.

213 2335 265 2403 At
288 2355 380 2402 vero
403 2355 454 2403 ne
476 2333 654 2404 omnibus
673 2331 825 2435 quidem
848 2333 1058 2422 systematis
1081 2330 1282 2426 vegetativi
1300 2332 1461 2429 gangliis
1479 2334 1608 2407 eadem
1625 2336 1723 2406 inest
1743 2337 1829 2409 sub·

216 2465 349 2536 stantia
373 2466 543 2561 pulposa.
604 2465 799 2538 Nimirum
824 2468 855 2537 si
878 2465 955 2557 jam
978 2468 1019 2535 in
1046 2466 1262 2538 universum
1286 2483 1518 2538 caeterorum
1542 2467 1717 2539 ordinum
1744 2471 1827 2562 pul·

214 2622 283 2692 pne
309 2598 503 2672 tenacitate
523 2602 729 2686 antecellit,
753 2600 797 2670 in
819 2601 898 2672 illis
922 2599 1296 2697 gangliisspeciatim,
1312 2623 1404 2692 quae
1421 2599 1593 2695 proprius
1613 2598 1660 2671 ad
1673 2602 1828 2699 plexum

214 2733 374 2803 solarem
399 2734 590 2827 pertinent
614 2730 722 2828 (prae
747 2733 905 2828 reliquis
927 2751 1051 2811 autern
1076 2736 1118 2805 in
1138 2735 1299 2831 gangliis
1318 2731 1513 2821 coeliacis),
1533 2735 1733 2808 maximam
1751 2735 1828 2808 adi·

216 2868 369 2960 piscitur
395 2869 668 2939 cohaerentiam
694 2888 735 2941 et
757 2869 1008 2940 tenacitatem.
1054 2875 1101 2941 In
1124 2869 1260 2962 quibus
1283 2868 1396 2937 simul
1415 2868 1494 2936 vim
1508 2869 1613 2959 quasi
1627 2869 1827 2959 elsaticatn,

215 3003 335 3097 magis
359 3000 595 3094 conspicuam
620 3023 734 3093 quam
756 3003 797 3070 in
819 3001 991 3093 reliquis,
1013 2999 1143 3072 adesse
1166 3000 1264 3071 mihi
1287 3000 1410 3070 visum
1436 3016 1511 3084 est,
1540 3021 1657 3092 quare
1685 2998 1750 3087 fit,
1782 3020 1826 3075 ut

213 3138 333 3210 ictum
358 3153 555 3208 externum
579 3133 813 3225 aliquatenus
834 3133 1032 3208 recellant.
1058 3168 1113 3186 -
1161 3135 1275 3205 Hisce
1297 3131 1537 3228 qualitatibus
1562 3134 1652 3225 ipsis
1674 3133 1828 3208 investi·

215 3276 317 3370 gatio
342 3288 553 3344 structurae
574 3269 811 3365 gangliorum
835 3256 1222 3358 systematis-coeliaci
1254 3285 1332 3337 tam
1362 3262 1525 3334 difficilis
1552 3264 1746 3357 redditur,
1782 3289 1828 3343 ut

214 3411 261 3480 de
286 3410 367 3492 hac,
392 3407 424 3475 si
447 3404 511 3476 111.
538 3405 707 3472 Satanas
732 3402 984 3471 annotationes
1008 3401 1217 3494 exceperis,
1249 3400 1444 3488 hucusque
1474 3420 1524 3465 ne
1557 3399 1717 3472 verbum
1747 3405 1827 3494 qui·

216 3545 304 3617 dem
329 3535 622 3607 anatomicorum
648 3534 791 3625 scriptis
815 3533 990 3602 relictum
1016 3528 1192 3626 detegere
1221 3529 1426 3620 potuerim,
1457 3528 1548 3599 licet
1580 3528 1629 3599 de
1658 3536 1713 3604 rei
1746 3557 1826 3630 gra.

215 3678 344 3760 vitate,
367 3669 601 3766 potissimum
625 3663 749 3760 quoad
779 3663 1014 3734 functionem
1044 3659 1189 3733 cerebri
1221 3658 1286 3748 (sic
1317 3657 1422 3745 dicti)
1452 3659 1697 3736 abdominalis
1726 3670 1826 3740 evol·

216 3807 388 3895 vendam,
410 3805 497 3877 setis
519 3824 705 3899 superque
726 3798 801 3892 jam
824 3816 950 3870 actum
976 3799 1036 3870 sit.
