4590 5858
1874 655 1946 735 ιη

1036 787 1069 882 §.
1120 797 1244 867 cvm.

482 933 748 1031 Experimenta
773 929 813 1002 in
838 923 991 999 canibus
1014 926 1111 997 vivis
1135 927 1295 1001 ulterius
1320 951 1555 1024 persequens,
1578 935 1721 1030 optime
1745 936 1942 1026 simul'his

331 1072 553 1144 sententiam
578 1067 857 1163 comprobatam
882 1060 972 1147 vidi,
998 1083 1091 1153 quae
1116 1065 1288 1156 proxime
1312 1050 1376 1136 hic
1399 1065 1573 1138 traditur.

483 1201 522 1291 6)
548 1204 659 1274 Licet
683 1195 952 1273 sensatioribus
977 1192 1105 1281 solitis,
1127 1195 1173 1266 ad
1198 1198 1314 1269 vitam
1338 1223 1460 1271 sanam
1481 1219 1520 1272 et
1539 1200 1744 1280 functiones
1764 1213 1839 1285 rite
1859 1243 1940 1313 per.

330 1336 485 1435 ngendas
510 1336 797 1433 pertinentibus,
822 1332 881 1401 via
906 1327 951 1399 ad
976 1327 1185 1402 censorium
1216 1355 1417 1406 commune
1448 1337 1605 1432 gangliis
1635 1358 1675 1412 et
1702 1345 1940 1436 potissimum

245 1574 248 1581 Ι
331 1474 531 1574 ¹substantia
555 1468 769 1543 secundaria
794 1467 952 1563 pulposa
976 1461 1211 1560 infringatur,
1235 1484 1361 1539 tamen
1386 1469 1525 1540 borum
1543 1472 1641 1544 vires
1658 1478 1941 1577 nousufficiunr,
2045 1536 2048 1541 -

328 1631 421 1702 quae
448 1605 752 1701 propagationem
779 1599 1026 1674 sensationum
1053 1599 1166 1672 solito
1192 1598 1392 1695 fortiorum
1424 1597 1537 1692 (varii
1567 1610 1715 1702 generis
1751 1645 1804 1670 -
1838 1645 1938 1695 mor.

328 1742 514 1827 hosarum,
538 1739 812 1838 galvanicarum
838 1731 927 1823 etc.)
951 1733 1156 1808 inhibeant.

478 1880 566 1946 Hoc
589 1871 742 1967 quidem
763 1888 893 1942 natura
916 1869 991 1961 ipsa
1016 1869 1119 1940 baud
1142 1893 1246 1957 raro,
1270 1870 1489 1965 praesertim
1513 1873 1554 1943 in
1577 1874 1720 1949 morbis
1750 1879 1797 1972 (e.
1822 1909 1856 1982 g,
1881 1890 1938 1960 in.

327 2008 641 2082 dammationibus
665 2007 850 2076 viscerum
876 2002 1169 2077 abdominalium
1201 2001 1288 2092 etc.)
1319 2005 1570 2100 comprobari,
1602 2027 1641 2079 et
1671 2011 1759 2085 inde
1790 2016 1938 2096 dolores

327 2141 670 2214 vehementissimos
695 2137 840 2230 saepius
864 2137 966 2221 oriri,
992 2135 1014 2228 §
1041 2143 1130 2224 cvt,
1155 2155 1324 2208 extremo
1342 2140 1438 2225 loco,
1463 2138 1538 2227 iam
1556 2163 1696 2217 monet.
1721 2147 1826 2223 Idem
1847 2176 1939 2224 vero

328 2294 425 2347 statu
449 2272 614 2367 corporis
638 2294 726 2340 sano
751 2264 865 2340 etiu'nr
889 2264 984 2340 effici
1007 2295 1125 2366 posse,
1146 2272 1268 2342 multa
1293 2272 1464 2366 exempla
1489 2269 1634 2343 docent.
1695 2283 1832 2351 Omnes
1859 2284 1938 2359 fere

328 2426 453 2505 motps
477 2408 592 2477 animi
617 2404 916 2476 vehementiores
939 2405 1077 2475 viscera
1102 2403 1308 2478 abdominis
1332 2432 1397 2478 seu
1422 2409 1591 2500 pectoris,
1616 2412 1739 2483 nervis
1764 2418 1938 2511 vegetati·

328 2547 385 2615 vis
411 2545 602 2628 instructa,
626 2534 902 2634 quodammodo
926 2534 1100 2611 afficiunt.
1150 2542 1211 2613 Sic
1235 2566 1267 2613 e.
1286 2565 1324 2637 g.
1348 2543 1402 2635 ira
1427 2541 1515 2613 bilis
1539 2545 1783 2616 secretionem
1809 2566 1938 2645 auget3

328 2679 490 2752 anxietas
513 2675 725 2771 praecordia
750 2670 796 2743 ad
826 2669 1003 2766 ponderis
1034 2691 1098 2744 aut
1130 2674 1270 2746 vinculi
1300 2676 1585 2749 similitudinem
1616 2681 1756 2773 premit
1786 2698 1823 2752 et
1853 2707 1937 2754 con-
1990 2672 1992 2677 ’

329 2812 499 2907 stringit3
523 2833 673 2882 moeror
698 2805 944 2901 digestionem
967 2823 1007 2877 et
1030 2811 1215 2882 nutritum
1241 2808 1415 2882 debilitat
1439 2828 1509 2884 etc.
1536 2829 1595 2882 etc
1626 2813 1728 2906 quod
1748 2838 1833 2886 sane
1851 2814 1937 2886 fieri

330 2973 406 3022 non
433 2962 572 3040 posset,
595 2943 668 3011 nisi
692 2938 913 3009 sensationes
936 2940 1050 3010 solito
1075 2943 1397 3035 vehementiores,
1422 2966 1444 3013 c
1474 2946 1638 3017 sensorio
1663 2948 1854 3017 communi
1880 2973 1938 3019 or·

248 3170 251 3179 ¹
327 3084 504 3180 ganisque
527 3075 574 3148 ad
601 3074 679 3165 ejus
703 3071 829 3142 sedem
854 3071 1045 3144 collocatis
1068 3096 1288 3164 emanantes,
1312 3076 1458 3173 ganglia
1481 3097 1714 3172 superarent,
1750 3096 1790 3151 et
1813 3100 1937 3176 postea

329 3216 455 3288 nervis
480 3214 662 3305 jecinoris,
685 3206 896 3292 ventriculi,
922 3224 1060 3279 tractus
1084 3210 1345 3285 intestinorum
1369 3224 1440 3318 etc·
1464 3211 1709 3286 traderentur.
1737 3249 1789 3267 -
1838 3222 1939 3290 Atta·

328 3374 419 3421 men
444 3347 655 3419 evidentius
678 3340 800 3411 adbuc
823 3331 915 3409 haec
938 3365 997 3410 res
1021 3341 1199 3434 probatur
1229 3344 1494 3436 experimentis
1525 3349 1742 3440 galvanicis,
1773 3376 1867 3444 quae
1896 3352 1939 3424 in

331 3482 482 3553 canibus
507 3477 601 3546 vivis
626 3473 744 3543 inciso
770 3495 924 3562 corpore
949 3472 1107 3545 institui.
1166 3481 1340 3568 Namque
1366 3501 1453 3547 cum
1478 3500 1637 3551 nervum
1663 3486 1939 3574 sympatbicum

299 3624 301 3630 ’
329 3641 397 3711 per
423 3610 606 3682 abdomen
632 3605 891 3677 decurrentem
918 3606 1042 3674 cultro
1066 3611 1270 3677 anatomico
1295 3631 1500 3702 pungerent
1527 3625 1566 3680 et
1594 3633 1771 3697 securem,
1808 3615 1938 3687 simul·

329 3774 404 3845 que
428 3746 608 3817 vonettae
632 3766 705 3836 ope
729 3740 982 3824 distraherem,
1007 3739 1158 3810 nullum
1184 3743 1294 3835 plane
1317 3740 1458 3812 doloris
1475 3742 1624 3837 signum
1642 3745 1779 3816 animal
1799 3745 1937 3842 edidit3

328 3901 595 3964 verumtamen,
621 3901 708 3948 cum
734 3875 947 3945 columnam
978 3873 1198 3944 laminarum
1231 3874 1308 3943 vim
1340 3876 1570 3973 galvanicam
1603 3885 1854 3953 coercentium
1885 3883 1938 3954 ita

328 4018 562 4099 adhiberem,
592 4030 634 4083 ut
659 4012 769 4106 polus
798 4010 979 4104 positivus
1009 4031 1097 4079 cum
1127 4008 1301 4103 negativo
1332 4011 1373 4080 in
1406 4011 1556 4108 ganglio
1585 4012 1744 4084 lumbali
1776 4014 1938 4088 secundo

329 4166 612 4221 connecteretur
638 4143 777 4230 (habita
801 4162 928 4217 tamen
953 4167 1051 4229 cura,
1075 4161 1119 4215 ut
1144 4142 1320 4238 ganglion
1341 4140 1466 4238 ipsum
1490 4143 1634 4215 bacillis
1648 4146 1774 4219 vitreis
1787 4150 1860 4220 rite
1877 4173 1958 4244 ap-x

329 4284 475 4380 plicatis
506 4306 526 4351 a
556 4278 722 4373 partibus
754 4279 886 4349 vicinis
916 4280 1071 4350 omnino
1099 4273 1361 4370 separaretur),
1398 4280 1660 4350 vehementem
1696 4278 1939 4370 eiulationum

330 4419 467 4490 animal
494 4439 569 4485 non
593 4415 716 4485 solum
742 4414 877 4499 emisit,
901 4413 966 4485 sed
991 4435 1140 4508 quoque
1164 4434 1292 4480 omnes
1318 4408 1395 4481 fere
1419 4429 1540 4506 partes
1552 4413 1725 4484 inferiore
1738 4414 1938 4490 abdomine

329 4568 539 4638 contentae,
574 4551 654 4622 imo
678 4549 801 4621 femur
831 4549 956 4622 lateris
987 4548 1026 4618 vi
1059 4546 1247 4642 galvauica
1275 4540 1414 4633 allecti,
1448 4564 1557 4618 motu
1587 4549 1752 4621 tremulo
1783 4551 1936 4644 spastico
