4590 5858
760 715 777 754 l

325 862 347 891 ⁸
418 852 616 956 Substantia
639 854 865 976 gauglicrumss
1049 828 1058 1003 ¹
1257 841 1459 957 'Substantia
1491 883 1671 980 accephali

235 1075 416 1150 bonicum
441 1071 652 1164 adjustum
676 1066 1026 1162 saturatiouispun·
1085 1069 1250 1161 perfecte
1274 1088 1477 1162 saturatur,
1518 1093 1608 1146 tunc
1639 1094 1767 1151 autem
1798 1081 1872 1151 tin·

237 1233 342 1285 ctum
368 1208 558 1301 adjicitur,
589 1224 717 1302 postea
748 1227 839 1275 vero
864 1203 1027 1274 tinctma
1085 1220 1190 1275 crura
1205 1206 1389 1300 gallarum
1407 1177 1872 1295 commisceturaedimen·

235 1349 424 1449 gailarum
455 1343 682 1430 instillatur,
712 1338 881 1436 protinus
910 1337 1032 1434 nube-h
1084 1353 1167 1409 tum
1193 1338 1337 1438 insigne
1362 1342 1410 1417 ad
1440 1342 1600 1417 fundum
1631 1342 1776 1438 dejicit,
1808 1351 1872 1426 cui

238 1482 323 1553 cula
348 1507 369 1553 e
394 1479 518 1552 floccis
544 1477 701 1549 cinereia
733 1469 940 1569 compotita
965 1495 1025 1566 ap·
1085 1472 1190 1545 color
1215 1471 1365 1571 impure
1384 1479 1564 1564 cinerem,
1584 1479 1721 1556 modus
1740 1485 1872 1562 cohae-

237 1635 355 1714 paret
375 1619 440 1711 qui
461 1637 552 1685 mox
571 1610 733 1683 fundum
747 1625 913 1706 petentes
926 1629 1027 1679 nuuc
1086 1608 1193 1682 rmdi
1219 1635 1308 1685 vero
1334 1610 1415 1689 fere
1440 1612 1624 1693 diffluens.

238 1777 259 1823 e
285 1751 435 1822 rabello
457 1748 606 1836 cinerei,
628 1747 841 1843 primitivae
861 1742 1027 1840 ganglia·

237 1911 325 1957 rum
338 1888 557 1958 substantiae
576 1907 706 1955 revera
725 1881 849 1976 aliqua
863 1893 1026 1974 exparte

238 2021 382 2095 similes
408 2019 610 2092 videntur..

288 2159 373 2227 Hoc
397 2153 647 2226 sedimentum
670 2150 743 2223 rite
769 2166 969 2248 purgatum
986 2161 1025 2218 et
1134 2150 1284 2223 Peracta
1303 2150 1524 2250 purgatione
1540 2174 1579 2231 et
1592 2155 1875 2235 edulcoratioue

238 2272 511 2383 eduleoratum,
536 2291 669 2389 spiritu
694 2288 774 2358 vini
798 2281 1024 2357 rectificatia·
1085 2280 1337 2360 sedimentum
1361 2292 1498 2386 spiritu
1517 2292 1596 2364 viui
1614 2291 1876 2370 rectificatiaai·

238 2427 335 2513 aimo
349 2396 675 2527 superinfuaio'uon
687 2439 864 2495 mutatur.
885 2404 1025 2491 Addito
1086 2445 1150 2493 mo
1162 2422 1453 2517 superinfusam,
1470 2430 1689 2522 neutiquam
1700 2429 1873 2503 solvitur.

238 2561 392 2658 posthac
405 2584 520 2657 aquae
532 2559 739 2633 dearillatae
752 2557 871 2653 duplo
889 2575 928 2630 et
946 2578 1026 2669 coc·
1086 2561 1188 2652 Quae
1207 2557 1371 2631 mixtura
1387 2583 1503 2655 aquae
1522 2559 1731 2636 destillatae
1754 2563 1875 2661 duplo

239 2694 345 2767 tione
370 2713 528 2791 peracta,
547 2698 674 2790 liquor
692 2719 827 2792 opacus
847 2712 885 2764 et
903 2667 1026 2766 fuscus
1086 2689 1221 2782 diluta,
1254 2711 1293 2765 et
1318 2711 1407 2767 tama
1433 2714 1554 2783 cocta,
1585 2701 1749 2793 speciem
1774 2701 1875 2774 aolu-

238 2828 284 2905 fit
305 2831 488 2903 sedimine
508 2834 644 2905 soluto.
694 2831 946 2928 Refrigeratua
965 2805 1027 2902 au·
1086 2827 1197 2901 tionis
1237 2827 1392 2924 quidem
1429 2831 1603 2928 praebet3
1655 2833 1875 2931 refrigerata

239 2983 319 3037 tem
345 2989 502 3039 massam
524 2966 684 3041 solutam
703 2988 794 3037 mox
807 2961 1028 3035 adfuudum
1086 2956 1211 3035 atatem
1240 2988 1400 3037 massam
1429 2967 1592 3040 solutam
1622 2993 1715 3042 mox
1744 2995 1875 3046 rursm

240 3101 414 3188 remittit,
433 3125 526 3198 quae
544 3123 644 3174 nuuc
664 3097 955 3187 friaco-rubella,
974 3066 1028 3170 le-
1087 3095 1259 3193 deponit,
1284 3098 1387 3193 quod
1412 3099 1664 3178 sedimentum
1688 3130 1789 3179 nunc
1814 3131 1877 3180 co·

241 3210 326 3309 vior
350 3254 403 3309 eat
427 3237 608 3313 sedimine
633 3262 655 3310 e
680 3235 904 3311 substantiae
924 3257 1029 3307 ence-
1086 3234 1211 3305 loram
1234 3214 1560 3311 fusco-cinereum
1583 3238 1728 3329 induit,
1758 3259 1877 3315 caete·
1936 3224 1940 3231 ⁵

240 3373 346 3467 phali
385 3392 509 3462 errato,
548 3389 586 3444 et
620 3373 692 3446 hac
730 3367 777 3441 de
815 3392 921 3442 causa
949 3368 1028 3440 leui
1086 3391 1176 3439 rum
1199 3368 1286 3440 eatis
1311 3391 1423 3466 grave
1449 3388 1496 3442 ec
1510 3372 1762 3468 gelatinosum
1793 3395 1878 3472 port

239 3504 388 3601 jamiam
414 3505 615 3603 agitatione
647 3504 791 3602 liquori
815 3528 942 3577 rursm
967 3499 1028 3575 ad·
1087 3503 1234 3598 aliquot
1271 3501 1350 3573 dies
1385 3523 1500 3578 strato
1519 3555 1521 3559 >
1537 3507 1627 3582 albo
1661 3506 1876 3586 medullato

240 3641 429 3743 miscetur.
1088 3635 1405 3737 superinducitur.

632 3788 667 3870 7·
1274 3834 1277 3839 ·
1326 3847 1330 3855 ,
1452 3787 1488 3864 7·

247 3959 263 4007 ‘.
294 3910 501 3993 saturando
533 3912 761 3987 solutionem
792 3906 1031 4011 gangliorum
1142 3907 1249 3985 Idem
1281 3907 1360 4017 iera
1391 3905 1459 3999 fit,
1491 3905 1690 3983 saturando
1722 3909 1878 3988 solutio·

241 4049 407 4153 {salmam
424 4048 531 4122 acido
543 4049 751 4138 muriatico,
764 4067 802 4121 et
813 4049 1029 4143 insequente
1089 4072 1181 4121 uem
1205 4046 1400 4144 eucephali
1425 4043 1592 4119 kalimm
1618 4043 1715 4118 acidi
1741 4046 1879 4124 muria·

243 4186 468 4258 substantiae
505 4184 810 4280 praecipitatione
849 4208 922 4280 ope
959 4184 1029 4255 tiu·
1090 4182 1155 4257 tici
1179 4207 1263 4279 ope,
1288 4200 1328 4256 et
1351 4179 1571 4268 imtillaudo
1593 4199 1722 4279 poetae
1741 4184 1880 4260 tinctu·

242 4339 371 4395 crurae
383 4298 840 4420 gallerumperactaidem
854 4318 933 4392 fere
947 4343 1032 4415 pro·
1090 4340 1172 4391 ram
1196 4317 1394 4417 guldarum.

243 4452 393 4543 ducitur
419 4476 594 4550 eventus,
628 4483 743 4558 parva
765 4477 920 4555 ⁸tautum
945 4454 1057 4528 decli·

242 4591 407 4699 aratione.

859 4794 1265 4823 mna-mv·
