4590 5858
610 856 810 933 Substano‘a
834 853 1061 951 gangliorzat

429 984 637 1021 ...-

819 1062 857 1119 a.

483 1186 689 1267 Substantia
720 1181 961 1282 gangliorom
991 1199 1080 1252 cum
1113 1176 1219 1253 acido

430 1328 523 1404 nitri
555 1338 674 1405 cocta,
704 1317 803 1390 intra
834 1318 979 1411 aliquot
1003 1316 1117 1390 horae
1140 1341 1221 1387 mo-

430 1478 557 1539 menta
581 1456 753 1529 solvitur.¹
804 1451 982 1528 coctione
1005 1469 1149 1547 peracta
1174 1453 1219 1523 li·

430 1596 545 1695 quori
568 1589 669 1663 nihil
694 1588 845 1673 innatat,
870 1590 937 1683 qui
963 1605 1091 1661 autem
1116 1587 1218 1682 paul·

430 1732 562 1806 lulum
584 1722 756 1799 turbidus
781 1741 944 1822 apparet·
1062 1755 1066 1762 ¹

1455 847 1654 931 Subrtoettia
1678 854 1885 958 accephali..

1252 984 2073 1021 -fl-NJ

1643 1067 1681 1126 20

1332 1181 1545 1257 sabsaatia
1576 1186 1784 1287 encephalij
1799 1194 1899 1262 cirm.
1915 1214 2071 1267 concen-

1279 1333 1377 1391 trato
1395 1320 1488 1392 nitri
1505 1318 1610 1394 acido
1623 1339 1730 1395 cocta
1742 1323 1839 1398 intra
1850 1327 2069 1402 horaeduo·

1280 1451 1463 1525 decimam
1476 1474 1623 1555 partem
1633 1456 1708 1550 jam
1722 1461 1894 1558 solvitur.
1926 1469 2067 1535 Paucae

1280 1561 1518 1661 solummodo
1543 1591 1750 1685 particulae
1769 1619 1838 1668 neo
1856 1599 2068 1671 continuata

1207 1736 1211 1748 ·
1282 1722 1450 1793 coctione
1474 1723 1692 1817 solvuntur,
1726 1752 1820 1824 quae
1847 1731 1987 1826 liquori
2012 1734 2068 1806 in·

1169 1888 1212 1929 .·:
1279 1877 1457 1947 natantes,
1482 1861 1748 1935 e'substantiae
1765 1862 1940 1939 drachma
1959 1866 2067 1965 quin·

1066 2026 1070 2033 ·
1194 2027 1200 2045 ν
1280 2017 1353 2088 que
1379 1996 1529 2067 circiter
1554 2020 1666 2095 grana
1690 1994 1863 2070 efficiunt

433 2174 438 2185 ·
483 2133 600 2211 Horis
618 2129 809 2206 nonnullis
828 2130 1039 2228 praeteritis
1063 2132 1217 2203 materia

432 2270 501 2346 illa
524 2269 715 2343 turbidam
740 2269 902 2362 speciem
933 2263 1093 2339 efficiens
1119 2290 1218 2361 sepa·

430 2427 547 2493 ratur,
574 2424 611 2477 et
637 2401 767 2492 majori
794 2427 840 2473 ex
861 2402 963 2497 part'e
991 2400 1028 2492 (a
1042 2400 1217 2473 drachma

429 2538 586 2615 dimidia
597 2539 669 2610 tria
681 2552 745 2608 aut
756 2555 916 2630 quatuor
931 2535 1059 2633 grana)
1076 2539 1215 2631 liquori

428 2676 583 2760 innatat,
607 2705 660 2725 --
683 2672 952 2744 minorantem
976 2693 1058 2765 para
1082 2670 1218 2761 (unum

431 2809 584 2882 circiter
596 2801 768 2904 granum)
795 2806 835 2876 in
854 2831 936 2880 vaae
956 2829 1108 2902 pessum
1128 2807 1217 2882 abit.

430 2976 483 2999 ·-
532 2947 654 3015 Massa
684 2941 775 3012 haec
805 2960 970 3038 separata
1006 2967 1035 3018 a
1064 2944 1216 3015 materia

430 3075 568 3155 fibroaa
592 3102 727 3173 parmn
751 3076 873 3154 distat.
915 3145 920 3153 .
975 3104 996 3154 ,’

1327 2129 1472 2202 Solutio
1506 2132 1723 2232 refrigerata
1762 2131 1951 2229 pellucida
1986 2135 2067 2229 qui-

1278 2260 1377 2349 dem,
1398 2282 1560 2338 attamen
1580 2269 1752 2363 paullum
1769 2269 1988 2341 turbulenta
2000 2287 2068 2358 est,

1277 2397 1317 2467 in
1353 2422 1427 2493 qua
1469 2403 1652 2475 nimirum
1688 2427 1822 2500 magna
1858 2401 2067 2477 floccorum

1276 2524 1546 2635 medullarium
1568 2538 1641 2625 via,
1673 2562 1787 2633 quam
1817 2538 2067 2612 minutissime

1278 2673 1518 2765 partitorum,
1542 2686 1658 2757 natat,
1683 2675 1790 2749 nulla
1813 2692 1942 2749 tamen·
1964 2698 2070 2770 prae·

1279 2805 1495 2905 cipitatione
1519 2807 1754 2902 insequente·

1325 3243 1533 3317 Partiouiaa
1564 3247 1654 3320 illae
1685 3245 1814 3346 sopra
1834 3274 2065 3326 commemo·

1274 3397 1374 3453 ratae
1406 3366 1549 3489 liquori
1579 3358 1920 3458 innatantes'cerae
1944 3384 2065 3460 firmi·

1167 3510 1171 3519 ’
1273 3531 1348 3585 tate
1383 3511 1464 3584 iere
1490 3511 1643 3590 (locatae
1667 3534 1770 3609 sunt3
1819 3536 1981 3594 attamen
2007 3518 2064 3594 dii

1270 3648 1372 3749 gitia'
1386 3650 1615 3722 conterendo
1648 3653 1719 3725 ille
1751 3659 1874 3727 serisus
1899 3658 2063 3751 peculia·

1270 3784 1334 3871 ris,
1351 3808 1429 3855 aron
1449 3788 1601 3880 proprie
1619 3789 1778 3875 oleosus,
1798 3789 1865 3861 sed
1883 3780 2061 3885 spermati

1204 3958 1211 3967 -
1270 3921 1357 3993 ceti'
1378 3919 1567 4015 proprios¹
1587 3900 1803 4019 percipitur.
1866 3926 2061 4001 Alc'oirolis

1167 4094 1173 4103 ι
1207 4098 1211 4103 -
1246 4057 1374 4128 aulia
1401 4072 1456 4127 est
1480 4052 1527 4127 ad
1554 4057 1649 4127 hanc
1670 4040 1869 4131 materiam
1890 4056 2060 4158 potestat·

1267 4217 1319 4246 ⁶-
1349 4168 1489 4264 addito
1523 4192 1601 4262 olei
1623 4172 2064 4274 'cinnamomi··‘a'ethera³i·

1268 4328 1438 4422 pauxillo
1471 4304 1787 4404 transmutabatur
1821 4332 1862 4402 in
1900 4358 2057 4408 massam

1266 4462 2056 4558 fflfflmffimmm

1264 4598 1461 4673 binthiaae
1486 4580 1584 4697 pirro
1610 4601 1752 4689 addito,
1785 4603 1913 4699 liquor
1932 4576 2057 4680 turbi-

951 4734 976 4791 ²··
1156 4758 1161 4774 ·-
1197 4748 1215 4801 .’
1263 4716 1334 4809 <iai
1354 4742 1516 4812 amnuo
1536 4755 1599 4827 eat,
1622 4765 1670 4810 ex
1686 4718 1928 4836 qaoaliqriot
1946 4741 2052 4815 horis
