4590 5858
429 670 480 747 42.

427 840 551 912 Haase
576 829 649 902 rite
674 822 839 924 exponit.
903 824 984 891 Una
1016 840 1104 888 curn
1137 817 1271 912 Scarpa
1305 815 1452 904 asserit,
1485 814 1626 888 horum
1656 816 1897 897 substantiam
1930 825 2067 923 pulpo-

430 996 510 1048 sam
540 971 583 1042 in
612 967 733 1040 obesis
766 954 986 1055 corporibus
1019 951 1118 1023 nihil
1153 973 1231 1022 esse
1266 949 1339 1023 nisi
1376 976 1519 1048 purum
1554 952 1714 1052 adipem.
1759 993 1809 1014 -·
1885 964 2067 1058 Magnam

431 1133 511 1182 aare
535 1097 824 1193 similitudinem
850 1094 950 1164 inter
973 1088 1125 1188 ganglia
1159 1103 1195 1157 et
1221 1084 1417 1184 glandulas
1448 1090 1695 1186 lymphaticas
1733 1091 1876 1192 (quoad
1900 1119 2068 1183 sunctu-

431 1242 528 1333 μω)
558 1238 609 1331 ¹).
633 1267 685 1290 -
735 1232 905 1304 Primam
930 1223 1234 1299 observationem
1260 1224 1341 1295 veri
1367 1220 1545 1298 decursus
1568 1227 1738 1305 radicum
1764 1257 1968 1307 nervorum
1993 1237 2068 1331 spi·

430 1381 576 1455 aralium
599 1389 704 1445 recte
728 1374 876 1442 Haaseo
901 1361 1082 1436 adscribit
1107 1353 1155 1446 2).
1180 1395 1232 1412 -
1258 1357 1366 1455 Idem
1389 1380 1541 1447 censete¹
1557 1369 1881 1442 verisimillimam
1901 1373 2070 1469 ganglio·

430 1539 519 1589 tum
552 1507 787 1583 functionem
820 1527 917 1589 esse,
956 1521 1054 1594 quae
1087 1496 1385 1569 corroborationi
1417 1501 1572 1575 actionis
1604 1530 1811 1578 nervorum
1843 1509 2071 1598 inserviant,

432 1669 472 1727 et
495 1665 598 1720 recte
623 1669 712 1717 cum
743 1642 974 1719 Johnstoneo
1004 1633 1165 1733 admitti¹
1186 1657 1312 1728 posse,
1348 1636 1507 1734 gangliis
1539 1662 1677 1738 organa
1709 1640 1891 1736 quaedam
1921 1644 2070 1729 cerebri

433 1783 573 1860 ditioni
599 1780 804 1873 subtracta,
828 1808 879 1827 ·-
915 1790 981 1846 ant
1005 1790 1050 1844 ut
1072 1770 1234 1843 Hallero
1257 1770 1321 1841 vel
1344 1776 1546 1870 Metzgero
1569 1776 1711 1871 placet,
1735 1802 1803 1874 per
1828 1804 1872 1852 ea
1896 1779 2070 1853 sensado-

434 1874 598 2005 itisvim
623 1894 795 1988 obtundi
817 1909 868 2002 ³).
896 1945 950 1963 -
1000 1913 1198 1981 Caeterum
1228 1906 1379 2006 ganglia
1410 1908 1615 1982 substantia
1645 1916 1789 1988 cinerea
1820 1940 1863 1988 ac
1892 1919 1980 1988 alba
2012 1918 2073 1993 uti

436 2008 636 2130 e'erebram
661 2050 881 2146 composita,
906 2083 955 2099 -
981 2047 1023 2117 in
1049 2041 1214 2113 foetibus
1240 2043 1377 2137 quibus
1401 2048 1633 2143 encepbalon
1657 2047 1773 2136 deest,
1799 2048 1850 2136 id,
1869 2050 1972 2148 quod
1992 2052 2072 2144 ejus

438 2192 540 2265 vices
560 2189 675 2274 subit,
699 2185 825 2258 colore
850 2203 888 2256 et
913 2180 1094 2255 firmitate
1119 2178 1281 2278 gangliis
1305 2178 1416 2252 valde
1441 2183 1584 2270 simile,
1607 2218 1661 2236 -
1693 2189 1933 2285 gangliorum
1956 2206 2074 2263 strue-

439 2347 565 2406 turam
590 2323 757 2397 fabricae
779 2318 1046 2418 glandularum
1072 2314 1394 2415 lymphaticarnm
1417 2316 1521 2389 haud
1545 2319 1758 2394 absimilem
1782 2349 1880 2410 esse,
1903 2344 1944 2398 et
1969 2327 2073 2399 hisce

437 2462 649 2538 rationibus
673 2459 898 2531 sententiam
922 2454 1033 2527 illam
1058 2449 1208 2525 fundari
1235 2477 1363 2549 posset
1389 2477 1469 2525 esse
1492 2455 1642 2552 ganglia
1665 2483 1779 2554 parva
1802 2462 1957 2534 cerebra
1980 2461 2074 2536 inie-

439 2600 552 2687 rioris
576 2594 730 2682 ordinis,
746 2580 803 2665 'ad
831 2588 1042 2689 augendam
1069 2613 1253 2661 nerveam
1273 2589 1353 2663 vim
1371 2586 1562 2662 destinata
1615 2595 1725 2688 Quod
1748 2598 1866 2693 magia⁸
1884 2559 2073 2673 adhaesa

441 2735 588 2813 firmari
614 2755 732 2828 posse,
756 2725 860 2824 quod
885 2730 925 2800 in
951 2726 1178 2799 animalibus
1200 2725 1442 2798 inferioribus
1467 2727 1616 2824 ganglia
1639 2753 1710 2824 per
1741 2754 1876 2828 corpus
1910 2730 2075 2829 dispersa

444 2869 611 2966 ejusdem
638 2869 717 2939 sint
739 2882 948 2938 structurae
972 2882 1148 2937 externae
1176 2880 1215 2935 et
1240 2862 1423 2953 internae,
1447 2861 1560 2959 ipsius
1585 2887 1701 2959 porro
1724 2867 2009 2966 magnitudinis,
2033 2889 2078 2941 ac

443 3010 644 3097 cerebrum
673 2996 726 3096 ⁴).
923 3096 926 3101 Ι

597 3151 715 3218 Fran.
739 3146 866 3214 Mucn
887 3137 960 3212 sub
980 3135 1155 3230 auspiciis
1174 3133 1249 3213 ,viri
1269 3135 1491 3236 egregii-Fr.
1510 3133 1744 3209 Tiedemann
1761 3159 1957 3213 anatomen
1976 3164 2079 3213 com·

446 3300 615 3382 paratam
639 3276 781 3373 ganglii
806 3271 1061 3370 ophthalmici
1085 3295 1219 3365 magna
1250 3295 1338 3343 curn
1371 3267 1572 3367 diligentia
1601 3276 1844 3369 conscriptam
1866 3275 2006 3364 edidit,
2035 3277 2078 3349 in

447 3411 593 3514 quade
618 3409 811 3484 iunctione
844 3407 989 3508 ganglii
1020 3397 1272 3505 ophthalrnic'i
1303 3430 1420 3504 agens
1452 3424 1650 3480 auctarum
1681 3413 1879 3485 sententias
1909 3414 2079 3510 primum

449 3550 616 3643 ¹extsrnini
643 3547 808 3641 subjicit.
863 3545 1077 3645 Meckelii,
1093 3544 1220 3637 Zrnnii
1246 3560 1285 3614 et
1312 3547 1470 3641 Scarpae
1493 3545 1712 3642 opinionem
1736 3567 1907 3643 respectu
1937 3551 2080 3649 ganglii

451 3686 702 3786 ophthalmici
728 3685 939 3755 multorum
964 3681 1185 3752 animalium
1209 3677 1455 3779 rejiciendam
1476 3705 1573 3769 esse,
1602 3679 1745 3777 quippe
1775 3682 1880 3778 quod
1908 3686 1949 3756 in
1980 3686 2081 3761 Feris

455 3849 503 3898 ex
527 3845 606 3897 uno
632 3821 694 3892 vel
722 3817 896 3915 pluribus
918 3817 1075 3889 ramulis
1100 3817 1220 3888 solius
1240 3817 1349 3887 nervi
1377 3819 1480 3889 tertii
1506 3837 1762 3914 componatur,
1786 3839 1826 3890 et
1843 3819 1928 3893 ideo
1938 3821 2080 3895 ramuli

451 3957 694 4040 ,diversorum
719 3975 921 4024 nervorum
948 3975 1018 4022 nec
1043 3952 1327 4051 conjungantur,
1353 3976 1424 4024 nec
1448 3951 1695 4050 dirimantur;
1718 3955 1895 4054 ganglion
1905 3954 2083 4049 ophthal-

454 4095 601 4167 micum
628 4094 666 4163 in
694 4091 883 4189 plerisque
908 4088 1048 4159 Avibus
1074 4114 1152 4161 non
1169 4090 1240 4163 nisi
1263 4091 1588 4175 inturnescentiam
1607 4093 1720 4164 unius
1736 4089 1832 4177 ranri
1851 4093 1959 4165 nervi
1977 4090 2084 4165 tertii

462 4221 604 4297 referre
630 4240 698 4294 etc.
725 4221 764 4315 ἴ)
796 4258 849 4276 -
897 4223 1042 4298 Eodem
1068 4223 1183 4298 modo
1207 4227 1428 4301 lolrnstonei
1453 4228 1688 4327 hypothesin
1711 4253 1788 4300 non
1813 4224 2086 4299 admittendam

468 4377 672 4397 μ

599 4446 645 4516 taj.
662 4445 822 4502 Handbucb
839 4450 890 4508 der
905 4452 1118 4512 menscltlicben
1132 4457 1293 4518 Anatornie,
1314 4471 1374 4514 tter
1391 4459 1445 4520 Bt.
1465 4460 1552 4516 Helle
1573 4464 1649 4528 1815.
1664 4462 1689 4530 Ι.
1711 4473 1769 4530 ¹55·
1785 4475 1847 4535 ing·
1865 4471 1928 4532 ²75·

604 4530 623 4590 l.
644 4549 667 4588 c.
685 4549 749 4605 pag.
765 4548 823 4604 295.
842 4537 924 4599 Nota,
1195 4544 1227 4616 3)
1261 4543 1282 4604 l.
1300 4563 1324 4604 c.
1342 4546 1370 4613 S.
1387 4548 1436 4619 196
1453 4562 1483 4602 et
1501 4565 1643 4624 197,pag.
1660 4563 1712 4620 332
1729 4561 1757 4601 et
1773 4559 1835 4615 335.

536 4450 566 4521 ¹)

536 4534 567 4605 ²)

535 4620 569 4778 3
602 4613 624 4673 l.
643 4634 666 4674 c.
685 4618 710 4683 ff.
731 4633 785 4688 197.
803 4637 866 4693 pag,
884 4634 935 4690 334
953 4643 994 4698 «q,

602 4702 635 4760 F.
655 4703 766 4765 Mucii,
780 4721 868 4776 praes,
883 4709 934 4768 Fn.
951 4711 1151 4782 Trrnrsrsan,
1168 4711 1202 4771 de
1219 4712 1338 4794 ganglio
1353 4717 1556 4796 ophthalmico
1576 4735 1605 4779 et
1627 4717 1727 4776 aaa·
1743 4714 1893 4776 asturiam
1908 4711 2086 4776 animaliw.

655 4780 832 4848 Lanatus
849 4804 924 4862 1315.
941 4812 1004 4870 pag.
1021 4808 1065 4866 83.
