4590 5858
1785 695 1854 771 roa

239 873 390 945 quoque
414 850 481 925 liic
505 854 656 950 grande,
682 873 754 927 una
778 855 904 929 radice
930 881 952 928 e
976 856 1103 943 tertio,
1130 857 1245 930 altera
1269 882 1291 929 e
1318 876 1449 952 quarto
1480 880 1598 929 nervo
1632 853 1768 929 dorsali
1798 857 1855 927 in·

239 987 380 1059 crescit.
431 989 553 1060 Simul
575 991 701 1085 plures
726 992 876 1063 nervuli
900 990 1035 1061 vicinis
1060 994 1224 1086 partibus
1249 992 1362 1064 dicati
1388 989 1644 1088 egrediuntur.
1687 996 1769 1084 Quo
1795 988 1854 1079 fit,

238 1136 280 1190 ut
305 1121 463 1196 interior
487 1140 670 1195 structura
694 1126 804 1196 valde
828 1128 878 1199 ait
903 1128 1136 1223 complicata,
1163 1146 1200 1198 et
1224 1126 1380 1199 filorum
1405 1126 1603 1196 collocatio
1629 1124 1807 1200 intricata.

389 1257 613 1352 Quintum
639 1281 676 1355 g.
701 1261 993 1335 thoracicum
1017 1259 1116 1349 (ead.
1142 1259 1205 1356 fig.
1230 1285 1311 1332 nro.
1343 1262 1400 1348 15)
1432 1261 1560 1330 nullos
1586 1259 1694 1353 plane
1719 1283 1852 1331 nervos

237 1384 365 1477 edens,
403 1390 492 1465 duas
517 1392 657 1465 radices
683 1417 704 1462 e
730 1394 865 1487 quinto
891 1396 971 1492 pari
1004 1394 1143 1468 dorsali
1173 1395 1329 1491 excipit,
1367 1417 1527 1489 quarum
1558 1391 1625 1465 fila
1656 1415 1743 1467 cum
1773 1391 1851 1462 illis

236 1528 343 1596 nervi
367 1528 591 1620 sympathici
612 1527 726 1602 solito
751 1555 857 1603 more
879 1529 1128 1601 decussantur.

387 1661 576 1732 Sextum
602 1662 721 1738 thor.
747 1688 784 1761 g.
811 1662 1106 1763 (th.v111nro.
1130 1661 1190 1752 16)
1224 1663 1387 1734 duorum
1417 1684 1622 1731 nervorum
1644 1660 1851 1733 communi·

236 1792 399 1863 cantium
426 1792 523 1883 (nro.
540 1793 601 1884 26)
628 1822 711 1892 ope,
736 1824 822 1872 cum
848 1822 963 1871 nervo
988 1796 1128 1868 dorsali
1154 1816 1259 1868 sexto
1285 1798 1468 1868 cohaeret.
1516 1796 1698 1887 Quoniam
1723 1811 1849 1869 autem

235 1947 350 1996 nervo
376 1931 617 2022 splanchnico
643 1930 839 2004 formando
863 1955 1036 2029 magnam
1063 1931 1218 2003 exhibet
1242 1929 1404 2000 radicem
1417 1926 1514 2016 (nro.
1529 1923 1606 2014 53),
1630 1952 1726 2021 quae
1739 1925 1849 1998 deor·

233 2081 315 2130 sum
342 2062 529 2158 simulque
554 2064 728 2158 paullum
744 2067 852 2138 intus
878 2066 1017 2152 fertur,
1053 2067 1316 2162 triangularem
1343 2063 1422 2134 fere
1447 2058 1606 2156 figuram
1631 2060 1761 2147 trahit,
1786 2060 1849 2132 cui

232 2186 401 2280 filorum,
426 2218 520 2288 quae
546 2197 644 2267 intra
669 2200 842 2286 resident,
867 2200 1105 2292 complicatio
1131 2223 1207 2270 sese
1232 2194 1495 2268 accommodat.

383 2328 588 2423 Septimo
615 2352 650 2426 g.
678 2334 793 2404 thor.
819 2331 911 2430 (rig.
929 2336 1014 2403 Vlll
1034 2355 1113 2402 nro.
1140 2330 1198 2424 17)
1233 2333 1309 2403 duo
1333 2329 1590 2402 immittuntur
1615 2331 1723 2401 nervi
1747 2329 1848 2404 com·

232 2461 462 2532 mimicantes
484 2485 507 2532 e
531 2465 665 2559 spinuli
691 2490 809 2537 nervo
832 2467 1005 2558 septimo,
1031 2467 1094 2535 vel
1118 2469 1249 2538 saltem
1276 2490 1322 2535 err
1344 2481 1507 2554 utroque
1524 2459 1680 2532 dimidia
1698 2486 1779 2557 pars
1799 2463 1847 2534 ad

232 2594 307 2665 hoc
333 2597 506 2690 pertinet.
557 2601 725 2671 Maxima
748 2601 863 2671 simul
889 2623 970 2694 pars
992 2600 1126 2674 radicis
1148 2599 1333 2672 inferioris
1346 2596 1494 2686 majoris
1508 2620 1666 2668 nervum
1679 2597 1846 2692 spluuch·

232 2730 359 2802 nicom
384 2729 576 2805 formantis
600 2759 648 2805 ex
680 2735 754 2805 hoc
785 2735 935 2833 ganglio
968 2732 1144 2804 deorsum
1170 2734 1303 2806 tendit·
1331 2746 1335 2755 “
1380 2732 1548 2802 filorum
1576 2729 1846 2803 medullarium

232 2863 372 2957 ganglii
398 2865 605 2959 implicatio
631 2885 668 2937 et
692 2866 868 2939 decursus
898 2868 969 2938 hac
998 2866 1046 2938 de
1077 2892 1184 2940 causa
1216 2874 1331 2965 magis
1363 2867 1412 2937 ad
1441 2864 1719 2960 longitudinem
1747 2861 1844 2936 infra

230 3013 473 3090 protractus.-

382 3137 424 3202 G.
450 3132 738 3204 thoracicum
765 3154 981 3208 octavum
1007 3131 1104 3225 (sad.
1117 3131 1180 3231 fig.
1192 3160 1273 3207 nro.
1293 3131 1351 3223 18)
1373 3159 1419 3205 ex
1432 3120 1561 3206 octavo
1579 3130 1713 3228 spinuli
1725 3152 1843 3202 nervo

233 3263 323 3335 duas
347 3264 489 3337 radices
513 3267 715 3337 maximam
741 3289 885 3361 partem
911 3273 1114 3364 excipiens,
1146 3293 1297 3364 parvam
1322 3269 1485 3337 radicem
1508 3263 1765 3338 constitutioni
1788 3284 1844 3332 ra·

233 3398 324 3468 dicis
351 3398 503 3487 majoris
527 3401 636 3470 nervi
660 3402 888 3494 aplsnchnici
913 3402 1094 3498 impertit·
1146 3409 1341 3473 Caeterum
1366 3401 1528 3495 oblonga
1552 3396 1685 3495 figura.

378 3536 577 3614 Nonum,
605 3531 850 3620 decimum,
874 3533 1169 3630 undecimum
1203 3550 1241 3603 et
1267 3532 1589 3603 duodecimum
1621 3530 1844 3626 gauglion

229 3665 520 3736 thoracicum
546 3665 635 3736 huic
659 3666 766 3735 illive
791 3666 865 3756 jam
891 3665 1163 3759 descriptorum
1194 3689 1228 3762 g·
1259 3667 1533 3736 thoracicorum
1567 3682 1643 3735 tam
1677 3662 1842 3732 similem

229 3796 405 3869 fabricam
430 3798 531 3869 intus
556 3799 653 3871 mihi
680 3801 912 3887 obtulerunt,
937 3818 982 3870 ut
1006 3800 1117 3871 nimis
1140 3799 1278 3896 longus
1305 3823 1432 3886 essem,
1455 3800 1489 3871 si
1512 3801 1604 3872 huic
1628 3795 1684 3869 rei
1699 3792 1840 3866 diutius

227 3933 432 4025 immorari,
456 3958 612 4029 eamque
637 3933 759 4006 verbis
785 3952 849 4006 aut
874 3934 1006 4033 liguris
1030 3927 1220 4005 illustrare
1245 3933 1397 4008 vellem.

1031 4073 1126 4142 XCI·

588 4191 737 4294 Ganglia
764 4068 1128 4286 lambolia,§socrolia,
1155 4217 1255 4293 atque
1281 4223 1487 4294 coccygeum.

376 4337 502 4423 Haec,
535 4337 566 4408 si
592 4339 704 4410 situm
737 4359 774 4412 et
804 4363 1008 4412 nervorum
1040 4336 1184 4409 exitum
1217 4357 1372 4433 spectes,
1411 4338 1653 4412 sthoracicis
1685 4335 1840 4433 quidem

226 4468 335 4540 valde
361 4466 554 4543 differunt.
601 4478 650 4544 At
674 4498 877 4546 nervorum
903 4495 1079 4543 numerus
1107 4488 1146 4542 et
1171 4473 1365 4569 ingressus,
1385 4473 1452 4567 qui
1464 4473 1853 4546 communicationem¹

227 4625 314 4673 cum
339 4605 505 4677 medulla
532 4606 665 4701 spinali
693 4605 863 4694 efficiunt,
889 4607 991 4678 idem
1024 4606 1102 4676 iere
1134 4628 1211 4675 esse
1244 4607 1355 4697 solet3
1389 4607 1441 4678 sic
1475 4606 1588 4679 etiam
1620 4602 1837 4700 magnitudo

228 4735 465 4832 singulorum
490 4741 590 4812 haud
615 4744 809 4842 insigniter
834 4746 879 4813 ab
904 4742 973 4812 illa
1000 4742 1271 4814 thoracicorum
1286 4739 1477 4838 discrepat.
1522 4731 1838 4835 Gangliasacralia

1237 4879 1268 4946 0
1297 4893 1317 4944 2
