4590 5858
315 753 320 767 .
418 721 562 773 amictae
581 703 852 791 conspiciuntur.
895 702 1063 787 Adjectae
1086 718 1165 769 sum
1193 700 1336 773 arteriae
1355 699 1517 772 carotidis
1546 717 1580 773 et
1599 704 1701 776 nervi
1722 707 1922 796 hypoglossi
1937 711 2042 798 parti·

415 799 526 870 culae,
548 811 585 857 ut
607 810 715 857 nexus
739 793 855 893 aliqua
873 812 913 854 ex
935 807 1029 873 parte
1048 806 1212 873 appareat.

497 904 530 945 a.
552 880 688 943 Arteria
705 882 823 939 carotis
847 877 979 939 interna
1003 896 1028 939 s.
1052 879 1239 945 1111111111.

503 970 537 1028 b.
582 965 751 1028 Particula
775 964 857 1023 ossis
880 962 1016 1044 petrosi.

497 1075 529 1114 c.
554 1073 580 1112 c.
602 1072 628 1110 c.
670 1047 781 1111 Nervi
793 1047 991 1130 sympathici
1008 1069 1226 1128 magnaramr,
1242 1045 1395 1117 artemam
1414 1055 1514 1116 carot*
1518 1052 1609 1117 dem
1607 1057 1818 1120 cerebralem
1831 1053 2037 1123 commutes

498 1140 534 1201 d
579 1133 1180 1215 51111111111111111111111111111111111
1200 1157 1236 1198 n.
1257 1137 1562 1223 glossopharyngei
1582 1160 1676 1202 ramo
1694 1144 2039 1213 communicationem

585 1218 745 1283 efficiens.

497 1328 532 1372 e.
555 1326 584 1369 e.
628 1306 785 1366 Truncus
803 1302 904 1366 nervi
927 1302 1137 1387 hypoglossi.

499 1393 524 1457 l.
544 1393 568 1454 1.
610 1390 718 1453 1111111
734 1389 1021 1452 communicantes
1045 1390 1134 1453 inter
1155 1411 1190 1451 n.
1182 1410 1338 1475 .vagum
1362 1404 1396 1456 et
1415 1414 1454 1465 n.
1476 1395 1734 1485 hypoglossum,
1754 1397 1858 1459 solito
1880 1394 2037 1478 majores.

496 1499 532 1562 g.
556 1498 588 1562 g.
629 1477 768 1541 Nervus
789 1474 1128 1558 glossopharyngeus

500 1567 559 1626 11.·
581 1561 799 1644 Ganglion
822 1583 856 1622 11.
880 1561 1096 1643 glossopliarJ
1095 1563 1192 1644 ugei

501 1647 524 1709 i.
570 1649 735 1708 Ramulus
758 1668 792 1707 n
815 1647 1129 1729 glossoplraryngei,
1153 1643 1328 1709 cavitatem
1352 1645 1504 1733 tympani
1526 1647 1663 1712 int-rans

497 1734 530 1795 ir.
574 1734 702 1877 Raplius
733 1731 987 1793 communicans
1016 1734 1105 1794 inter
1132 1731 1295 1814 ganglion
1322 1754 1357 1796 11.
1380 1733 1690 1822 glossopharynge'i
1719 1749 1754 1798 et
1780 1755 1929 1799 nervum
1947 1755 2038 1820 sym·

620 1832 630 1877 l
656 1838 757 1878 lcum

434 1920 437 1923 ⁴
497 1905 522 1968 1.
543 1838 757 1969 LPaRami
742 1900 1030 1963 communicantes
1053 1897 1146 1964 inter
1170 1921 1319 1964 nervum
1342 1902 1584 1993 pharyngeum
1611 1923 1631 1965 e
1656 1923 1692 1964 n.
1719 1904 2067 1994 glossopharyngeo·

609 2002 736 2060 ortum,
761 2001 794 2049 et
816 2003 972 2048 truncum
994 1986 1095 2050 nervi
1119 1986 1206 2068 vagi.

495 2074 715 2140 rnRamus
740 2072 1012 2146 communicans,
1040 2069 1102 2168 qui
1131 2091 1150 2132 e
1174 2090 1285 2134 nervo
1313 2069 1510 2170 pbaryngeo
1539 2068 1844 2152 glossopbaryngei
1872 2071 2033 2151 prodiens

587 2157 685 2218 illum
702 2178 833 2218 ramum
852 2156 1002 2232 accedit,
1001 2157 1100 2236 cujus
1116 2176 1181 2237 ope
1197 2155 1367 2229 connexio
1384 2154 1444 2216 lit
1435 2172 1525 2218 inter
1536 2176 1569 2217 n.
1587 2153 1834 2237 leroglossum
1852 2170 1883 2215 et
1899 2178 2033 2238 vagum.

425 2256 429 2263 '
497 2263 534 2305 n.
556 2264 591 2304 11.
636 2241 734 2304 1111111
758 2242 943 2324 pharyngei
964 2263 999 2304 11.
1021 2239 1334 2324 glossopbaryngei,
1359 2240 1595 2304 constrictos-es
1615 2242 1797 2331 pharyngis
1815 2255 1985 2322 petentes.

494 2349 532 2390 ο.
574 2312 702 2390 1111111111
722 2329 878 2391 musculo
901 2329 997 2409 stylo
998 2327 1198 2408 pliaryngeo
1223 2326 1361 2388 dicatus.

496 2435 531 2495 p.
572 2414 711 2478 Nervus
731 2411 892 2493 lingualis
916 2434 936 2474 e
954 2411 1277 2510 glossopharyngeu.

495 2519 531 2582 q.
552 2521 587 2587 q.
610 2500 768 2561 Truncus
797 2495 896 2558 nervi
927 2495 1005 2579 vagi
1033 2511 1208 2568 retractus,
1242 2509 1280 2557 ut
1305 2491 1468 2558 melius
1457 2507 1735 2577 inconspectum
1757 2491 1890 2570 veniat,
1929 2518 2034 2577 quare

610 2581 697 2644 rami
725 2593 1011 2644 communicantes
1024 2596 1114 2644 mter
1136 2581 1270 2680 ganglia
1292 2603 1327 2642 n.
1351 2582 1430 2680 vagi
1454 2596 1486 2642 et
1507 2581 1822 2662 glossopharyngei,
1838 2581 1954 2643 etrllt
1944 2598 2034 2646 mter

611 2688 761 2766 nervum
782 2687 909 2749 uagum
932 2680 964 2727 et
991 2667 1217 2730 accessorium
1240 2663 1394 2742 Willisii,
1418 2665 1576 2753 disrupti,
1603 2665 1689 2728 rami
1710 2681 1823 2733 autem
1843 2665 2032 2753 pharyngei

609 2752 712 2814 nervi
733 2751 810 2834 vagi
832 2750 964 2824 remoti,
986 2751 1160 2824 observari
1180 2764 1368 2832 nequeunt

492 2855 522 2898 s.
566 2834 784 2919 Ganglion
806 2836 987 2923 primum
1010 2835 1111 2899 nervi
1133 2836 1222 2935 vagi,
1245 2856 1421 2916 nunquam
1445 2833 1619 2901 deficiens.

492 2938 523 2980 1.
651 2955 694 2970 -
802 2923 1032 2983 secundum
1059 2921 1206 3021 nvagi,
1230 2917 1969 3017 1011111111,11111111111111111111111111.

493 3017 520 3069 1.
562 3007 689 3114 Ramus
709 3006 923 3099 laryngeus
913 3021 1069 3081 internus
1088 3007 1193 3072 nervi
1216 3007 1306 3096 vagi,

1023 3215 1255 3296 Figura
1298 3213 1408 3278 vm:

559 3357 676 3438 Hujus
700 3358 827 3437 figurae
849 3351 933 3417 ratio
957 3374 997 3418 ea
1020 3375 1086 3440 est,
1117 3375 1250 3422 utnon
1276 3361 1393 3421 solum
1414 3352 1546 3440 ganglia
1575 3350 1718 3454 spinalis
1737 3373 1759 3414 a
1782 3356 1927 3436 septimo
1950 3358 2032 3422 colli

407 3441 454 3502 ad
474 3453 634 3504 octavum
659 3444 750 3501 dorsi
768 3461 893 3522 usque,
922 3461 1043 3505 verum
1067 3445 1168 3508 etiam
1196 3445 1328 3527 ganglia
1350 3443 1516 3506 thoracica
1538 3440 1638 3503 nervi
1661 3440 1862 3522 sympathici
1883 3443 2045 3506 maxima·

410 3541 564 3608 exparte
585 3530 620 3605 (a
638 3526 752 3609 primo
773 3528 814 3588 atl
830 3530 1040 3607 octavum)
1031 3530 1202 3593 interioris
1226 3531 1369 3597 fabricae
1393 3547 1491 3590 causa
1507 3541 1810 3606 repraesententur,
1835 3547 1903 3606 quo
1926 3527 2029 3592 simul

407 3632 518 3676 nexus
541 3633 728 3686 ramorum,
752 3611 811 3693 qui
831 3614 968 3709 ganglia
991 3615 1157 3677 tlsoraciea
1180 3636 1258 3676 curn
1279 3615 1395 3678 nervis
1421 3611 1620 3710 spinalibus
1632 3608 1860 3691 conjungunt,
1882 3610 1920 3672 in
1944 3628 2029 3675 utra·

406 3718 478 3777 que
500 3712 593 3779 parte
616 3712 766 3794 accurate
790 3695 1026 3777 conspiciatur.
1047 3735 1091 3747 -
1133 3701 1290 3763 Medulla
1311 3697 1449 3797 spinalis
1468 3713 1502 3760 et
1523 3694 1624 3758 nervi
1637 3709 1810 3762 caeterum
1832 3698 2030 3761 ecadavere

408 3782 476 3845 viri
499 3798 642 3846 staturae
664 3780 811 3882 majoris,
833 3801 941 3842 annos
965 3788 1034 3846 nati
1056 3783 1186 3847 circiter
1209 3783 1461 3865 quinquaginta,
1485 3795 1517 3844 et
1538 3795 1614 3861 post
1631 3781 1820 3842 laesionem
1843 3781 1958 3862 capitis
1981 3803 2029 3846 re·

407 3882 510 3951 pente
528 3868 697 3943 exstincti,
712 3869 859 3930 desumti
879 3879 968 3932 suut.
1013 3869 1083 3967 Qui
1095 3869 1247 3931 ido'irco
1238 3867 1403 3951 imprimis
1424 3865 1579 3949 eligendi
1593 3863 1806 3938 videbantur,
1829 3867 1924 3946 quod
1942 3887 2028 3930 non-

407 3956 504 4016 nulla
534 3953 669 4035 ganglia
695 3973 731 4013 11.
760 3950 957 4034 sympathici
991 3954 1092 4024 solito
1121 3954 1285 4053 ampliora
1316 3956 1520 4036 apparebant
1552 3949 1707 4026 (maxime
1737 3949 1872 4013 illude
1903 3952 2028 4019 coalitu

406 4039 535 4121 ganglii
559 4039 732 4103 cervicalis
749 4037 857 4098 infimi
879 4049 912 4099 et
935 4037 1093 4100 thoracici
1116 4039 1215 4120 primi
1206 4040 1370 4117 ',ortum)
1392 4037 1437 4104 ita
1457 4053 1494 4100 ut
1509 4034 1640 4098 facilius
1656 4034 1850 4115 perlustrari
1871 4049 2028 4118 possent,

409 4123 585 4204 singularis
605 4144 747 4222 quoque
774 4122 833 4184 ille
853 4140 946 4184 casus
976 4125 1104 4200 aderat,
1132 4126 1191 4189 ubi
1216 4126 1377 4206 ganglion
1406 4120 1613 4186 thoracicum
1638 4121 1827 4181 secundum
1857 4121 1977 4200 (12)'
1953 4142 2028 4187 stne

409 4207 494 4270 rami
518 4208 795 4270 communicantis
826 4227 845 4268 e
873 4227 984 4271 nervo
1015 4209 1138 4290 spinali
1165 4210 1324 4290 adgressu
1346 4208 1474 4282 existit3
1503 4207 1637 4269 tandem
1664 4204 1827 4304 ganglion
1854 4207 2028 4286 quoddam

407 4293 446 4356 in
467 4296 541 4374 ipso
566 4315 657 4355 ramo
682 4289 952 4357 communicante
975 4295 1049 4376 (22)
1069 4294 1309 4364 inveniebatur
1326 4309 1392 4361 etc.
1436 4295 1615 4365 Sinistrum
1636 4291 1722 4362 letus
1745 4288 1916 4380 depictum
1940 4311 2026 4373 esse,

406 4375 507 4444 laeile
527 4378 675 4459 quisque
697 4376 884 4460 perspiciet.

492 4486 522 4527 a
545 4485 574 4526 a.
616 4464 771 4526 Medulla
793 4460 942 4544 spinalis

491 4551 525 4614 b.
549 4552 581 4614 b.
625 4549 744 4611 Sulcus
766 4544 1022 4630 longitudinalis
1043 4567 1108 4630 per
1129 4546 1351 4633 ,superficiem
1376 4543 1583 4616 anteriorem
1604 4545 1779 4614 medullae
1801 4538 1940 4628 spinalis
1960 4555 2029 4615 me·

620 4633 701 4696 dius
720 4633 918 4696 >decurrens

416 4805 418 4809 ἢ
491 4735 522 4783 a.
543 4738 573 4782 c.
591 4736 623 4783 1.
666 4718 954 4793 Intumescentiae
973 4739 1038 4802 pes
1056 4730 1161 4783 totam
1187 4720 1360 4790 medullae
1390 4715 1529 4806 spinalis
1551 4713 1768 4808 superficiem
1788 4709 1930 4800 sparsim
1951 4731 2030 4782 con·
