4590 5858
372 740 425 851 3¹3.
466 767 607 835 Nervus
626 761 849 829 intercostalis
872 768 1055 833 secundus.

415 901 425 921 .
515 887 561 905 -
625 853 764 915 dorsalis
785 852 955 937 posterior
976 856 1156 921 secundus.

414 985 423 1006 .
514 970 558 989 -·
671 970 716 985 -
860 969 904 985 -
986 942 1112 1007 tertius.

363 1883 417 1957 4⁶·

363 1979 417 2045 tt·

365 2225 418 2294 48.

619 1021 842 1089 intercostalis
863 1018 991 1089 tertius.

708 1146 753 1159 -
849 1125 997 1192 quartus.

619 1195 761 1259 dorsalis
783 1196 953 1279 posterior
974 1207 1121 1278 quartus.

618 1281 840 1346 intercostalis
863 1281 1013 1364 quintus.

602 1367 762 1430 -dorsalis
785 1368 954 1449 posterior
973 1365 1124 1450 quintus.

618 1452 839 1517 intercostalis
861 1468 986 1516 sextus.

617 1540 759 1601 dorsalis
781 1538 950 1621 posterior
971 1549 1095 1602 sextus.

612 1623 834 1687 intercostalis
856 1625 1049 1724 septimus.

613 1709 755 1771 dorsalis
777 1711 945 1790 posterior
965 1707 1138 1791 septinrut

613 1795 836 1859 intercostalis
860 1813 1009 1858 octavus

506 1912 551 1927 -
615 1880 755 1943 dorsalis
777 1880 957 1962 posterior
965 1896 1116 1943 octavus.

459 1963 571 2026 Nervi
598 1965 740 2026 cardiaci
763 1980 924 2065 quatuor,
959 1969 1019 2047 qui
1047 1964 1128 2026 alias
1161 1983 1206 2027 ex
1238 1967 1407 2029 anteriore
1442 1926 1620 2065 superiore
1641 1977 1745 2046 parte
1776 1960 1904 2064 ganglii

462 2048 622 2110 thoracici
643 2050 744 2130 primi
773 2051 881 2131 ipsius
907 2066 1019 2113 ortum
1048 2052 1173 2115 ducere
1197 2053 1326 2125 solent,
1356 2051 1460 2112 hoc
1451 2073 1487 2112 m
1518 2072 1595 2114 casu
1620 2065 1734 2114 autem
1762 2049 1901 2132 exejus

464 2136 652 2214 appendice
675 2133 852 2215 superiore
872 2135 1024 2219 (ganglio
1050 2133 1207 2197 cervicali
1231 2135 1368 2215 infimo)
1394 2135 1589 2218 gignuntur.

463 2220 591 2280 Ramus
617 2220 744 2302 ganglii
772 2220 946 2284 cervicalis
968 2219 1096 2295 infimi,
1130 2222 1198 2299 qui'
1211 2238 1328 2302 postea
1350 2220 1482 2284 divisus
1508 2244 1586 2285 cum
1608 2220 1708 2284 ramis
1731 2219 1832 2285 nervi
1853 2241 1902 2285 re-

463 2306 627 2367 currentis
661 2321 694 2368 et
722 2326 799 2381 cum
833 2327 941 2371 nervo
973 2308 1069 2368 molli
1100 2305 1226 2387 ganglii
1261 2307 1434 2370 cervicalis
1469 2307 1652 2389 superioris
1687 2306 1900 2386 conjunctus,

461 2391 601 2470 plexum
624 2391 796 2464 efficiebat,
813 2412 832 2453 e
855 2413 923 2471 quo
941 2395 1057 2476 plures
1075 2390 1176 2455 nervi
1195 2393 1237 2453 ad
1255 2393 1531 2456 constituendum
1545 2394 1688 2476 plexum
1710 2392 1901 2455 cardiacum

459 2495 619 2557 magnum
644 2479 855 2539 emanabant.
1956 2484 1959 2489 ’

507 1058 565 1761 sltflsltll

407 2605 416 2623 .
458 2562 587 2622 Ramus
610 2581 866 2623 communicans
881 2583 960 2623 cum
982 2556 1119 2642 ganglio
1142 2559 1302 2624 cervicali
1323 2561 1494 2629 interiore.
1519 2561 1613 2640 quod
1635 2557 1690 2622 hic
1713 2564 1753 2623 ab
1777 2559 1897 2639 infimo

462 2657 662 2726 separatum,
684 2647 775 2709 exile
797 2645 936 2722 tantum,
960 2646 1150 2728 paullulum
1173 2648 1329 2727 superius
1353 2646 1634 2729 conspiciebatur.

405 2774 415 2798 .
457 2732 586 2792 Ramus
609 2731 735 2813 ganglii
762 2731 921 2809 tho'racici
949 2733 1066 2815 primi,
1097 2729 1156 2811 qui
1182 2747 1300 2813 postea
1330 2733 1462 2795 divisus
1486 2733 1640 2794 arteriam
1661 2728 1897 2812 thyreoideam

441 2816 667 2891 inferiorem,
702 2831 735 2880 et
766 2804 928 2900 ganglion
961 2817 1129 2881 cervicale
1161 2815 1304 2881 inlerius
1335 2819 1463 2894 adibat,
1501 2837 1633 2879 ramum
1666 2829 1898 2880 recurrentem
1950 2884 1952 2889 ,

373 2950 380 2958 .
456 2893 575 2962 edebat
599 2916 659 2963 etc.

404 3030 412 3048 .
455 2987 583 3046 Ramus
606 3008 625 3049 e
647 2986 782 3069 ganglio
805 2982 975 3049 thoracico
999 2983 1110 3065 primo
1133 3000 1239 3061 ortus,
1267 2985 1421 3050 arteriam
1449 2986 1677 3049 vertebralem
1699 2984 1832 3059 adiens,
1854 2985 1896 3044 si

454 3072 527 3131 mul
550 3074 723 3134 surculum
747 3074 788 3134 ad
810 3072 1085 3154 conjunctionem
1115 3094 1193 3134 cum
1224 3093 1333 3135 nervo
1363 3072 1461 3134 molli
1493 3069 1621 3154 ganglii
1645 3068 1821 3132 cervicalis
1844 3087 1897 3130 su·

456 3154 601 3236 perioris
624 3158 770 3220 exhibet.
1223 3190 1228 3199 ·

402 3281 411 3301 .
453 3240 594 3302 Nervus
618 3264 637 3305 e
659 3264 694 3304 n.
718 3240 876 3305 cervicali
899 3240 1019 3323 quinto
1044 3256 1078 3306 et
1094 3240 1195 3305 sexto
1220 3223 1393 3316 conflatus,
1418 3242 1477 3321 qui
1500 3237 1702 3302 extremitati
1725 3235 1903 3338 superiori·

454 3327 579 3402 ganglii
603 3327 762 3385 thoracici
784 3326 895 3404 primi,
913 3342 1090 3402 postquam
1106 3326 1221 3407 (hoc
1212 3347 1248 3386 m
1267 3328 1361 3405 casu)
1384 3329 1484 3388 ramis
1505 3346 1606 3387 nervt
1596 3312 1799 3388 cervicalis
1822 3342 1895 3406 sep·

453 3404 527 3464 timi
550 3421 665 3465 auctus
688 3421 749 3481 est,
773 3407 977 3487 adjungitur

400 3529 408 3547 .
451 3488 566 3550 Prima
589 3490 660 3565 (hic
682 3490 812 3568 minor)
840 3489 936 3552 radix
966 3489 1067 3551 nerii
1097 3486 1308 3568 splanchnici
1335 3490 1487 3573 majoris,
1511 3514 1531 3554 e
1553 3491 1690 3574 ganglio
1722 3488 1891 3552 thoracico

453 3588 548 3636 sexto
572 3577 702 3634 oborta.

398 3701 406 3719 .
450 3660 603 3720 Secunda
631 3658 760 3738 (major)
782 3658 878 3720 radix
899 3658 999 3720 nervi
1026 3655 1234 3736 splanchnici
1258 3655 1411 3737 majoriS,
1438 3679 1540 3737 quem
1563 3663 1708 3721 maxima
1732 3678 1775 3722 ex
1796 3672 1891 3742 parte

435 3744 611 3826 -ganglion
632 3743 838 3805 thoracicum
862 3746 1040 3824 septimum
1064 3741 1264 3823 progenuit,
1284 3742 1340 3804 cui
1362 3757 1474 3805 tamen
1496 3745 1598 3807 simul
1621 3745 1770 3808 additur.

397 3870 405 3886 .
449 3830 610 3890 Surculus
634 3851 653 3892 e
676 3832 812 3916 ganglio
836 3828 1005 3889 thoracico
1028 3842 1163 3889 octavo.

397 3954 406 3972 .
449 3916 607 3976 Truncus
628 3914 728 3977 nervi
750 3903 959 3995 splanchnici
982 3913 1117 3993 majoris
1140 3933 1184 3975 ex
1205 3925 1347 3992 utraque
1370 3911 1482 3976 radice
1506 3913 1658 3977 coalitus

396 4039 404 4057 .
450 3998 607 4084 Quatuor
629 3999 729 4061 nervi
753 3998 913 4080 ganglion
934 3999 1140 4059 thoracicum
1162 4013 1317 4077 quartum
1337 3998 1473 4080 egressi,
1487 4001 1544 4079 qui
1559 4000 1727 4083 insignem
1744 3999 1886 4078 plexum

448 4086 648 4159 formantes,
667 4087 708 4145 ad
729 4086 870 4166 plexum
894 4084 1146 4166 oesophageurn
1168 4082 1268 4146 nervi
1285 4082 1385 4183 pagi,
1414 4086 1646 4167 oesoplragum
1674 4087 1797 4167 ipsum,
1819 4101 1885 4146 net:

447 4188 521 4230 uon
543 4171 585 4232 ad
605 4185 718 4233 aortae
740 4173 843 4234 latera
865 4170 1070 4252 multiplices
1092 4187 1204 4231 ramos
1226 4168 1393 4246 emittunt,
1415 4169 1537 4254 hisque
1562 4170 1784 4255 prospiciunt.

902 4373 1239 4459 FiguraIX

413 4525 548 4591 Partem
569 4524 694 4609 ganglii
717 4522 856 4591 coeliaci
879 4525 986 4588 dextri
1007 4525 1120 4588 lateris
1144 4548 1163 4590 e
1186 4527 1322 4590 vetulae
1345 4527 1509 4592 cadavere
1528 4528 1716 4592 desumtam
1731 4521 1879 4598 exhibet,

262 4604 308 4672 ita
330 4626 488 4693 apertam,
510 4627 547 4674 ut
570 4629 735 4694 quatenus
759 4617 851 4686 licet,
875 4612 1017 4675 interior
1039 4612 1177 4686 fabrica,
1201 4612 1355 4673 omnium
1365 4614 1592 4712 'gangliorum
1615 4609 1880 4710 implicatissima

262 4710 297 4758 et
318 4698 617 4773 absconditissima‚
639 4698 868 4782 perspiciatur.
911 4696 1095 4797 Equidem,
1117 4719 1194 4759 cum
1212 4696 1372 4759 inficias
1363 4720 1412 4761 rre
1433 4699 1553 4776 nolim,
1566 4701 1630 4763 hac
1647 4695 1878 4762 delineatione

261 4781 390 4846 cerebri
412 4785 636 4849 abdominalis
658 4802 856 4851 structuram
872 4785 1071 4867 neutiquam
1091 4786 1168 4848 satis
1192 4802 1264 4848 esse
1293 4786 1505 4867 explanatam
1533 4800 1567 4849 et
1592 4787 1783 4862 evolutam,
1807 4781 1880 4866 J'aru
