4590 5858
428 698 481 786 94

430 863 573 960 singuli
598 863 797 939 solvuntur
822 879 860 937 et
886 860 925 934 in
951 859 1034 948 tria,
1061 877 1233 957 quatuor,
1253 860 1423 957 quinque
1433 875 1504 933 etc.
1525 855 1591 932 fila
1611 859 1793 946 tenuiora,
1813 860 1955 956 pariter
1967 861 2064 953 alba,

434 1000 666 1099 dividuntur.
716 1003 820 1071 Haec
846 1014 974 1071 autem
999 998 1051 1075 ita
1075 999 1177 1090 juxta
1202 1000 1362 1070 interae
1389 995 1617 1092 procedunt,
1642 1014 1687 1068 ut
1707 1021 1728 1066 a
1745 1021 1784 1069 se
1808 998 1973 1073 invicem
1992 998 2064 1076 diri

436 1136 611 1241 cedentia,
629 1133 752 1228 ,majus
777 1134 953 1232 spatium,
979 1150 1018 1211 et
1043 1131 1135 1204 dum
1162 1134 1387 1205 anteriorem
1423 1128 1646 1224 (externam)
1678 1135 1957 1207 extremitatem
1982 1124 2065 1209 rar·

436 1298 495 1346 sus
521 1297 650 1343 rursus
677 1289 833 1358 coeunt,
867 1268 1028 1342 formam
1055 1268 1396 1365 oblongo-oratam
1422 1285 1607 1364 occupent
1632 1266 1726 1364 (ng.
1750 1272 1846 1340 VIII.
1869 1284 1986 1361 -y.,·ar.¹
1999 1266 2065 1357 tt).

438 1408 590 1503 Singula
613 1429 705 1476 vero
731 1402 799 1478 fila
823 1403 1057 1476 diversorum
1083 1400 1342 1478 funiculorum
1367 1429 1443 1477 non
1475 1423 1553 1476 tam
1585 1421 1748 1500 separata
1780 1421 1989 1491 remanent,
2020 1421 2067 1477 ut

439 1559 542 1614 carto
567 1539 701 1626 ubivis,
727 1541 965 1633 potissimum
988 1542 1029 1613 in
1055 1535 1181 1610 media
1207 1555 1247 1609 et
1266 1539 1384 1609 antica
1397 1534 1579 1630 (externa)
1596 1539 1867 1637 parreganglii,
1880 1538 2067 1638 distingui

438 1678 564 1779 possit,
591 1699 611 1748 e
638 1697 800 1769 quonam
833 1677 1004 1750 funiculo
1037 1673 1288 1760 discesserint,
1327 1696 1415 1743 cum
1453 1699 1588 1770 nempe
1635 1698 1771 1746 corum
1812 1674 2001 1748 diductio·
2024 1674 2069 1746 in

438 1813 557 1917 spatio
583 1827 777 1907 tantopere
805 1811 1105 1905 circumscripto,
1139 1806 1326 1902 quandam
1357 1809 1657 1905 implicationem
1686 1828 1725 1882 et
1755 1812 2070 1908 constipationem

440 1946 677 2053 singulorum
700 1947 798 2018 inter
823 1971 861 2018 se
886 1945 1089 2016 necessario
1115 1943 1307 2038 producat.
1366 1951 1449 2040 Quo
1467 1943 1532 2033 fit,
1558 1964 1613 2033 ut,
1630 1941 1713 2019 ‘filis
1737 1948 1777 2017 in
1803 1935 2072 2018 antloaaxtre

442 2104 504 2156 ma
530 2098 634 2176 parte
668 2105 794 2154 rursus
826 2080 873 2154 ad
904 2079 1096 2153 fasciculos
1129 2079 1299 2153 collectio
1333 2079 1391 2171 (Fa
1416 2086 1513 2157 vlll.
1537 2077 1594 2173 y.)
1631 2103 1744 2155 nemo
1775 2097 1880 2155 certo
1912 2066 2072 2151 delinire

444 2217 569 2315 possit,
593 2239 689 2286 num
712 2217 755 2288 hi
779 2241 906 2289 nrrsns
931 2217 1031 2288 uniti
1056 2211 1131 2285 filis
1157 2217 1269 2288 unius
1295 2216 1638 2291 tantumtascicuti
1668 2217 1804 2290 radicis
1837 2215 2073 2313 posterioris,

445 2376 492 2425 an
518 2350 685 2447 plurium
711 2349 973 2423 fasciculorum
998 2347 1076 2421 filis
1103 2367 1286 2423 constent
1332 2353 1469 2441 ,Talem
1488 2371 1613 2424 autem
1639 2351 1896 2425 confusionem
1916 2347 2075 2422 filorum

445 2485 668 2572 solutorum,
694 2509 820 2580 quam·
833 2487 894 2558 111.
921 2486 1068 2558 Scanra
1094 2483 1274 2557 describit
1293 2482 1345 2577 ¹),
1382 2510 1589 2582 numquam
1615 2489 1657 2560 in
1682 2487 1840 2584 gangliis
1871 2472 2076 2581 spinalibu'e
2131 2588 2134 2592 .

447 2619 538 2713 vidi.
585 2625 680 2693 Sunt
704 2645 842 2715 nempe
867 2621 1013 2718 singula
1040 2615 1113 2712 lile.
1130 2620 1254 2693 soluta
1277 2646 1401 2717 neque
1427 2624 1564 2717 plane
1589 2622 1834 2693 innumera
1861 2614 2078 2715 (vasupmz),

448 2779 572 2850 neque
598 2755 888 2844 tenuissima,
921 2756 1059 2851 quippe
1075 2768 1180 2848 'quae
1203 2756 1316 2828 nudis
1342 2755 1463 2828 oculis
1488 2755 1560 2848 jam
1587 2758 1672 2830 satis
1699 2755 1870 2830 distincte
1894 2750 2078 2850 distingui

399 2909 402 2913 ’
452 2907 616 2986 possunt.
669 2897 763 2963 Tota
790 2895 907 2989 igitur
932 2890 1072 2986 ganglii
1096 2890 1248 2985 spinalis
1275 2891 1504 2963 constructio
1536 2892 1675 2964 merito
1710 2890 1873 2987 simplex
1904 2884 2080 2982 dicenda-3

451 3024 491 3099 id
519 3026 656 3125 saltem·
678 3045 836 3121 certum,
862 3024 927 3098 lila
955 3026 1178 3099 medullaris
1203 3026 1243 3095 in
1268 3025 1327 3096 his
1352 3027 1470 3121 magis
1495 3024 1703 3098 secundum
1730 3043 1874 3099 certum
1897 3023 2084 3110 ordinem,

451 3178 496 3233 ut
521 3163 731 3259 plurimum
757 3178 860 3234 recta
885 3163 995 3256 linea,
1021 3163 1203 3233 collocata
1230 3183 1317 3244 esse,
1344 3183 1457 3254 quam
1481 3162 1523 3232 in
1545 3161 1742 3231 nonnullis
1764 3160 1905 3231 truncis
1924 3148 2086 3245 norveia,

455 3295 673 3387 simplicem
693 3294 852 3382 formam
877 3311 1031 3366 externe
1056 3318 1145 3388 prae
1170 3317 1209 3363 se
1235 3293 1475 3367 ferentibus·
1514 3300 1708 3368 Caeterum
1736 3291 1836 3364 haud
1861 3309 1997 3387 negare
2023 3310 2089 3362 ve·

454 3412 537 3528 lici,
562 3429 756 3521 nonnullis
782 3424 857 3500 filia
884 3425 1119 3505 diversorum
1146 3429 1404 3503 funiculorum
1430 3453 1558 3501 veram
1584 3431 1765 3501 unionem
1790 3445 1829 3498 et
1848 3426 2089 3498 commixtio·

455 3586 545 3667 nem
571 3563 612 3634 in
639 3565 792 3662 ganglio
819 3564 899 3659 ipso
926 3566 1094 3656 subesse3
1118 3564 1160 3639 id
1186 3583 1311 3638 autem
1337 3584 1440 3639 certe
1466 3561 1691 3651 affirmarim,
1716 3563 1811 3634 hanc
1827 3565 2005 3634 unionem
2026 3585 2090 3635 ne·

458 3725 531 3797 que
558 3698 801 3787 crebriorem,
825 3724 946 3795 neque
972 3704 1213 3798 peritiorem,
1237 3725 1351 3797 quam
1375 3703 1417 3772 in
1443 3701 1574 3774 multia
1599 3699 1741 3772 truncis
1766 3699 1913 3770 nerveis
1939 3696 2091 3796 ganglio
2197 3717 2202 3723 ·

461 3835 647 3911 destitutis
673 3852 826 3907 exstare.
854 3869 906 3890 -

613 3976 673 4042 De
700 3971 900 4044 substantia
925 3967 1081 4045 filorum
1100 3973 1379 4061 medullarinm,
1405 3970 1586 4068 ganglion
1604 3970 1747 4066 apinale
1768 3969 2031 4068 ingressorum,
2048 3965 2095 4038 id

463 4105 712 4196 adiiciendum
736 4126 811 4194 est,
840 4128 922 4179 earn
953 4109 1075 4183 multo
1107 4107 1332 4198 firmiorem,
1347 4162 1349 4168 .
1363 4109 1480 4205 magis
1511 4108 1854 4202 circumscriptam,
1885 4090 2057 4199 ideoque
2065 4093 2097 4174 ‘a

464 4238 700 4327 circumiecta
726 4242 940 4331 secundaria
966 4245 1166 4319 substantia
1191 4251 1314 4320 multo
1334 4241 1641 4342 separabiliorem
1663 4265 1750 4328 esse,
1768 4242 1836 4312 illa
1849 4240 2098 4334 reliquorum·

467 4371 632 4446 Proinde
662 4399 693 4478 ,a
723 4379 921 4453 substantia
951 4377 1213 4455 fasciculorum
1244 4383 1375 4459 radicis
1406 4382 1622 4478 posterioris
1655 4381 1733 4474 ipsa
1765 4379 1922 4477 minime
1953 4374 2100 4445 diversa

472 4509 635 4592 videtur,
678 4508 743 4579 sed
774 4516 895 4607 potius
930 4515 1021 4586 huic
1057 4520 1204 4611 penitus
1243 4519 1407 4614 aequalis
1446 4514 1690 4588 existimanda
1720 4533 1789 4586 est.
1869 4518 1953 4610 Quo
1988 4508 2104 4580 timul

469 4647 609 4733 evenit,
634 4660 680 4718 ut
706 4644 904 4718 rottmdam
930 4653 1091 4745 speciem
1105 4653 1263 4752 singula
1289 4651 1356 4727 fila
1381 4678 1530 4752 semper
1557 4652 1644 4726 satia
1671 4649 1846 4724 distincte
1871 4635 2106 4720 conservent.
2212 4634 2218 4639 ’

474 4784 676 4801 Μ

543 4843 572 4917 ι)
604 4838 628 4905 l.
645 4859 670 4902 c.
687 4838 755 4915 Cap.
772 4839 797 4895 I.
814 4840 840 4910 ς.
857 4826 909 4899 IX.
927 4856 989 4917 pag.
1005 4854 1046 4912 15.
1154 4860 1157 4864 ·
