4590 5858
330 684 403 733 vul

482 857 820 962 Verumtamen,
851 890 955 946 curn
984 857 1318 980 praecaeteris,
1348 856 1516 974 quibus
1545 858 1751 966 incubui,
1778 855 1944 951 doctri-

333 1068 423 1173 nis,
451 1067 556 1156 illae
584 1064 641 1155 de
670 1089 896 1157 structura
929 1089 976 1156 et
1009 1065 1244 1183 dignitate·
1265 1070 1468 1181 partium
1502 1074 1703 1187 corporis
1737 1075 1943 1163 animalis

333 1278 450 1366 mihi
477 1250 742 1388 arrisissent,
772 1283 949 1399 quippe
981 1281 1169 1398 quibus,
1196 1282 1235 1367 si
1260 1311 1423 1369 verum
1450 1301 1640 1397 spectes,
1674 1287 1822 1373 omnis
1851 1317 1944 1376 me·

331 1487 426 1578 dici
473 1496 663 1582 scientia
710 1513 943 1609 tamquam
984 1491 1116 1578 firmo
1159 1490 1461 1581 fundamento
1503 1502 1809 1608 superstructa
1849 1527 1943 1587 esse

326 1697 511 1807 debeat,
539 1757 590 1774 -
617 1703 734 1819 elegi
763 1713 1085 1820 argumentum
1113 1701 1786 1821 anatomicophysiologicum,
1814 1706 1944 1822 quod
2028 1664 2031 1668 Ι

329 1910 521 2027 quidem
548 1943 634 2030 pro
664 1917 899 2002 occasione
929 1916 1100 2020 crebra,
1122 1913 1220 2000 iric
1252 1912 1455 2002 Berolini
1488 1913 1605 2001 mihi
1639 1913 1760 2022 data,
1797 1916 1945 2030 expli·

331 2118 487 2212 caudis
516 2124 866 2213 abstrusioribus
899 2125 1332 2243 obscurioribusque
1362 2126 1568 2241 partibus
1596 2126 1902 2244 responderet.

476 2303 741 2451 Systematis
769 2339 901 2423 nervi
929 2282 1202 2454 sympatbici
1228 2343 1506 2430 accuratiore
1530 2338 1839 2427 elaboratione
1861 2369 1945 2457 per

330 2539 530 2633 duorum
559 2578 810 2651 annorum,
846 2569 891 2635 et
919 2547 1047 2664 quod
1076 2552 1296 2656 excurrit,
1336 2553 1535 2665 spatium
1566 2567 1832 2662 occupatus,
1866 2579 1947 2634 au·

330 2772 475 2844 ctores
502 2755 588 2845 hac
616 2753 675 2844 de
703 2789 758 2881 re·
780 2762 964 2848 meritos
993 2752 1313 2873 perlustrando
1342 2757 1473 2846 facile
1503 2751 1689 2849 edoctus
1718 2755 1801 2858 ini,
1828 2756 1947 2842 mul·

330 2983 432 3085 tum
459 2972 551 3078 jem
580 2995 672 3059 esse
702 2989 855 3060 actum
883 2969 943 3059 de
970 2970 1108 3083 hujus
1137 2968 1388 3085 systematis
1423 2964 1768 3068 distributione,
1803 2963 1949 3052 forma

330 3196 520 3270 externa
547 3199 648 3284 eto,
679 3211 910 3307 necnon,
946 3207 1240 3296 permagnam
1277 3185 1642 3289 conjecturarum
1676 3174 1851 3299 copiam
1891 3172 1949 3263 de

320 3364 766 3529 ¹{jusdignitatein
792 3393 949 3513 lucem⁸
967 3384 1143 3522 ‚editam
1172 3413 1282 3494 esse3
1326 3417 1556 3505 nusquam
1592 3415 1701 3483 vero
1717 3362 1789 3507 {ut
1821 3415 1950 3503 repe·

279 3580 284 3591 ¹
333 3601 470 3689 rirem
495 3605 709 3720 contigit,
739 3600 867 3722 quod
898 3622 1107 3723 respectu
1134 3601 1365 3695 interioris
1394 3598 1589 3691 fabricae
1617 3595 1689 3682 Ilb-
1715 3561 1951 3682 Scaenae

332 3812 615 3928 praeclarum
649 3842 784 3929 opus,
821 3816 1016 3945 ‘triginta
1050 3830 1154 3901 octo
1188 3838 1333 3925 annos
1373 3810 1544 3945 abhinc
1585 3812 1678 3916 jam
1720 3803 1951 3907 emissum,

335 4020 414 4107 vel
436 4022 599 4114 leviter
626 4024 881 4140 attingeret.
954 4025 1081 4111 Hinc
1115 4051 1281 4138 operae
1315 4021 1519 4137 pretium
1554 4015 1731 4118 censui,
1773 4011 1952 4135 experi-

336 4253 491 4322 menta
519 4236 718 4327 Scaaran
746 4237 928 4339 iterare,
945 4252 1010 4321 -ut
1036 4236 1178 4360 magis
1206 4233 1442 4353 magisque
1476 4224 1764 4357 dissipentur·
1793 4221 1953 4326 dubia,
2031 4269 2035 4276 ·

338 4446 587 4536 hincinde
616 4445 675 4536 de
702 4477 863 4537 eorum
890 4445 984 4536 fide
1012 4447 1174 4537 oborta
1206 4447 1263 4551 ¹),
1298 4439 1436 4531 simul
1464 4459 1620 4528 autem
1645 4463 1768 4524 nora
1796 4461 1957 4523 secun·

344 4645 541 4659 m

433 4725 461 4797 ι)
503 4721 599 4786 Vide
622 4745 653 4787 e.
675 4742 705 4804 g.
725 4719 872 4792 Bicntrs
906 4720 1101 4805 nuperrime
1122 4722 1164 4783 E.
1187 4718 1236 4782 Η.
1257 4716 1393 4780 Wnrra
1417 4731 1482 4780 etc.
