4590 5858
1916 689 1972 769 99

339 849 692 926 rabello-cinereum
719 847 917 944 pulpossm
947 842 1150 919 medullari
1179 840 1466 938 interjacentem
1497 843 1737 924 demonstrat.
1798 850 1969 930 Mariua

342 1006 468 1060 autem
495 987 601 1058 nervi
624 983 940 1081 spherae-palatini
969 982 1085 1078 ipsius
1118 1002 1218 1075 pars,
1252 982 1359 1053 nervi
1394 982 1548 1079 palatini
1572 984 1774 1058 anteriores
1801 985 1967 1079 externi,

339 1125 476 1195 nasales
502 1123 707 1209 inferiores,
720 1156 772 1173 —
798 1140 900 1193 certo
926 1118 1037 1204 nihil,
1061 1113 1165 1213 quod
1189 1118 1341 1214 ganglio
1367 1116 1601 1190 adnumerari
1626 1119 1753 1214 possit,
1774 1120 1968 1210 exhibent,

338 1260 402 1350 qui
427 1282 564 1352 nempe
589 1282 727 1354 epure
753 1256 854 1344 alba,
885 1275 928 1328 et
951 1251 1077 1327 trunci
1099 1250 1241 1357 reliqui
1265 1253 1377 1357 plana
1400 1276 1566 1360 congrua
1591 1252 1795 1329 substantia
1818 1253 1966 1332 medul-

338 1391 411 1462 lari
436 1412 723 1488 componuntur·
749 1427 799 1449 -·

1004 1522 1038 1620 §.
1088 1530 1295 1602 Lroomt.

489 1661 561 1734 sed
586 1663 836 1758 explorationi
861 1662 1023 1741 ulterius
1048 1664 1225 1751 serviens,
1251 1659 1498 1739 vidianum
1523 1683 1731 1751 nervum,
1760 1659 1852 1735 huic
1877 1682 1964 1762 gan·

335 1798 415 1895 glio
440 1816 540 1869 arcte
567 1800 838 1887 cohaerentem,
863 1800 1069 1887 rubellum,
1093 1797 1282 1871 mollioris
1304 1800 1572 1888 cohaerentiae,
1596 1817 1633 1873 et
1659 1796 1833 1871 erunibus
1850 1797 1968 1895 signis

336 1957 430 2027 quae
456 1936 665 2024 systematis
692 1937 890 2032 vegetativi
916 1960 1035 2007 nervo
1057 1931 1255 2007 conveniri
1278 1934 1412 2023 solent,
1423 1957 1570 2028 semper
1583 1933 1810 2007 instructum
1824 1932 1966 2024 inveni,

310 2073 387 2142 ‘ita
414 2088 458 2141 ut
481 2069 611 2141 nullus
637 2068 859 2156 dubitarem,
887 2071 976 2143 huic
999 2068 1193 2161 systemati
1218 2094 1307 2142 eum
1332 2068 1552 2144 adscribere.
1612 2069 1676 2143 llli
1701 2068 1885 2143 nimirum
1908 2046 1966 2143 ra·

335 2205 444 2292 muli,
476 2205 617 2298 quiex
649 2226 694 2272 eo
726 2204 986 2296 provenientes
1019 2226 1179 2275 nervum
1213 2204 1491 2301 sympathicum
1526 2225 1705 2301 magnum
1736 2205 1964 2278 constituere

337 2336 523 2427 dicuntur,
546 2354 648 2409 certe
674 2335 784 2427 hujus
804 2338 947 2410 surculi
972 2336 1206 2411 ascendentes
1234 2356 1273 2409 et
1298 2357 1427 2434 postea
1449 2364 1610 2413 nervum
1634 2337 1837 2413 vitianum
1862 2362 1965 2413 com·

335 2491 514 2566 ponentes
540 2489 646 2565 sunt3
672 2470 713 2542 id
735 2473 869 2543 saltem
894 2471 1143 2560 manifestum,
1168 2498 1328 2546 nervum
1352 2473 1555 2547 Vidianuar
1580 2492 1690 2582 atque
1706 2496 1841 2549 nervos
1860 2496 1963 2547 nasa·

333 2608 388 2681 les
415 2607 625 2702 superiores
650 2610 873 2698 posteriores
899 2625 938 2683 et
962 2606 1166 2681 anteriores
1186 2604 1359 2699 ejusdem
1383 2608 1521 2685 indolis
1547 2626 1659 2704 atque
1684 2624 1837 2685 naturae
1871 2630 1963 2683 cum

332 2739 488 2837 reliquis
513 2739 623 2813 nervi
647 2742 870 2837 sympathici
894 2740 1008 2812 ramis
1035 2763 1128 2815 esse.
1185 2740 1296 2839 Quod
1321 2760 1450 2818 sutem
1472 2744 1592 2840 nangis
1616 2740 1741 2815 adhuc
1765 2764 1849 2813 rem
1872 2762 1962 2815 con·

334 2873 471 2960 firmat,
498 2875 675 2971 ganglion
701 2872 801 2947 illud
826 2873 1193 2969 sphenopalatinum
1219 2901 1315 2969 esse,
1340 2876 1443 2975 quod
1474 2901 1637 2951 nervum
1667 2874 1887 2964 Vidirnum,
1919 2891 1961 2951 et

332 3013 385 3083 ita
410 3007 525 3081 simul
551 3026 674 3081 totum
698 3024 858 3099 systema
877 3008 1132 3103 vegetativum
1157 3034 1179 3082 a
1203 3035 1319 3084 nervo
1345 3037 1442 3087 max.
1464 3037 1546 3109 sup.
1564 3033 1696 3084 revera
1714 3010 1962 3108 sejungat·-

332 3150 529 3217 Caeterum
554 3142 732 3239 ganglion
763 3141 1140 3236 sphera-palatinum
1170 3130 1315 3241 partem
1346 3148 1593 3244 posteriorem
1619 3163 1818 3255 extemum
1849 3120 1968 3219 nervt'

330 3275 653 3373 ephano-palatini,
677 3273 724 3348 ad
747 3274 1038 3351 similitudinem
1062 3280 1241 3375 trianguli
1267 3303 1412 3376 semper
1431 3281 1522 3368 fere,
1538 3294 1706 3372 occupat.
1754 3274 1844 3372 Eius
1863 3297 1979 3383 suth·

330 3433 435 3483 crura
460 3413 617 3483 interior
642 3432 753 3503 quam
777 3410 973 3480 simillima
996 3427 1054 3482 est
1081 3411 1141 3498 ei',
1178 3435 1291 3507 quam
1321 3414 1468 3509 reliqua
1498 3412 1603 3487 terti-i
1633 3410 1778 3487 ordinis
1809 3409 1959 3508 ganglia

331 3544 488 3629 habent,
523 3543 550 3613 i.
577 3565 608 3614 e.
635 3539 720 3628 fila,
754 3543 861 3612 nervi
892 3541 1039 3613 Vidiani
1075 3566 1147 3636 ope
1179 3545 1359 3637 posticam
1390 3545 1617 3617 exteriorem
1642 3541 1786 3640 ganglii
1811 3561 1958 3637 partem

331 3681 447 3751 ductu
472 3678 586 3775 plano
611 3676 790 3770 ingressa,
815 3675 878 3745 hic
904 3698 991 3744 cum
1017 3676 1099 3749 aliis
1125 3701 1146 3748 e
1171 3678 1257 3749 loco
1283 3678 1470 3772 superiori
1496 3673 1803 3753 descendentibus
1829 3673 1958 3747 decus·

328 3833 455 3907 santur
482 3828 521 3883 et
546 3810 799 3905 implicantur,
826 3832 901 3903 quo
927 3807 1088 3897 tamdem,
1112 3835 1231 3886 nassae
1245 3810 1461 3887 secundaria
1480 3808 1683 3903 interiecta,
1704 3807 1824 3885 fomra
1843 3809 1958 3882 trisn-

321 3946 470 4047 .gularis
498 3944 618 4016 oritur
645 3942 694 4032 (v.
710 3945 785 4041 Fig.
801 3949 842 4013 V.
859 3939 973 4033 o.o.).
1022 3950 1081 4016 Ex
1104 3970 1150 4020 eo
1176 3949 1258 4044 ipso
1280 3950 1384 4021 nasci
1408 3947 1531 4020 solent
1555 3945 1664 4019 nervi
1682 3944 1826 4016 nasales
1845 3964 1955 4041 supa-

328 4085 447 4153 riores
461 4078 686 4187 'antenorea
710 4104 730 4149 e
755 4104 873 4151 nervo
900 4096 1026 4153 autem
1051 4079 1210 4155 vitiano
1238 4087 1345 4157 nervi
1368 4083 1511 4157 natales
1536 4077 1747 4179 superiores
1761 4073 1954 4175 'posterius

328 4239 388 4286 res
414 4172 657 4307 egrediuntur
683 4208 910 4313 (ci.Fig.1v.
923 4210 982 4311 g),
1008 4213 1154 4308 quibus,
1177 4234 1225 4291 ut
1243 4220 1456 4293 luculenter
1478 4234 1590 4314 patet,
1608 4236 1816 4289 nervorum
1837 4231 1953 4309 systo-
2015 4317 2019 4322 .

328 4348 440 4423 mstis
466 4345 665 4440 vegetativi
689 4363 821 4420 natura
845 4349 995 4443 propria
1020 4365 1083 4420 est.
1106 4382 1160 4402 -
1183 4352 1286 4425 Hinc
1310 4377 1364 4443 ea,
1389 4376 1484 4449 quae
1510 4350 1557 4424 de
1580 4350 1640 4425 his
1659 4349 1837 4423 hactenus
1851 4345 1951 4437 dixi.

328 4481 549 4558 sententiam
575 4501 708 4566 meam,
733 4504 845 4575 quam
871 4481 918 4552 de
944 4484 1095 4583 ganglia
1120 4487 1443 4584 ephano-palatino
1470 4504 1508 4562 et
1524 4511 1641 4562 nervo
1660 4484 1818 4563 Vidisno
1835 4499 1950 4577 syste-

327 4619 421 4691 mati
445 4615 657 4711 vegetativo
684 4614 910 4708 adjiciendis,
939 4618 981 4692 in
998 4590 1186 4695 'medium
1217 4622 1379 4719 protuli,
1411 4623 1494 4699 satis
1523 4624 1825 4722 probaturusne
1849 4610 1957 4699 mihi

327 4750 517 4827 videntis·
729 4802 748 4837 ς

1254 4892 1256 4896 ’
1315 4894 1358 4964 N
1384 4909 1406 4962 a
