4590 5858
327 678 399 752 124

480 843 585 915 Haec
611 833 820 910 differentia
845 848 1085 925 systematum
1111 833 1234 930 quoad
1259 832 1464 909 functiones
1489 833 1591 910 tanta
1617 858 1693 910 esse
1718 834 1879 926 videtur,
1897 859 1943 912 ut

328 983 408 1059 illis
433 985 509 1049 vita
535 972 810 1068 quodammodo
837 992 998 1064 separata
1024 990 1063 1042 et
1088 975 1283 1066 peculiaris
1310 974 1436 1066 negari
1462 991 1635 1065 nequeat.
1697 973 1783 1042 Tali
1816 990 1943 1044 autem
1981 972 2004 1011 '³'
2102 1005 2110 1019 ·

330 1120 442 1193 statui
468 1106 665 1205 peculiari,
690 1122 872 1198 separato,
906 1104 1102 1190 servando,
1133 1107 1250 1176 cuivis
1281 1107 1470 1196 systemati
1503 1103 1733 1175 conditiones
1765 1086 1945 1200 quaedam

317 1255 444 1331 datae,
472 1262 509 1314 et
534 1241 721 1330 systemati
747 1240 957 1334 vegetativo
983 1240 1200 1332 praeprimis
1226 1224 1371 1336 ganglia
1392 1263 1558 1310 concessa
1576 1255 1673 1323 sunt,
1691 1262 1784 1331 quae
1805 1259 1945 1312 statum

329 1386 377 1455 ab
402 1377 563 1474 imperio
589 1373 735 1446 cerebri
760 1390 799 1476 et
823 1372 992 1447 medulla
1017 1375 1150 1468 spinali
1173 1372 1449 1468 quodammodo
1477 1373 1642 1445 liberum
1667 1396 1733 1444 suo
1757 1371 1944 1444 interven·

330 1534 374 1588 tu
398 1527 615 1585 sustentent.
1640 1494 1642 1499 ¹

1050 1634 1084 1734 ς.
1136 1645 1226 1713 cvr.

486 1779 526 1870 4)
552 1783 672 1850 Status
697 1777 767 1847 ille
793 1795 974 1873 separatus
1000 1779 1192 1869 utriusque
1218 1778 1428 1867 systematis
1442 1836 1444 1840 .
1459 1801 1663 1851 nervorum
1686 1778 1802 1877 magis
1828 1772 1949 1848 adhuc

333 1923 469 2002 elucet,
494 1916 525 1986 si
553 1912 826 2008 perpendimus,
851 1909 1014 1984 sensorio
1040 1913 1231 1982 communi
1263 1914 1407 1983 nullam
1434 1938 1511 1984 esse
1537 1916 1614 1983 vim
1640 1916 1680 1983 in
1706 1909 1948 2005 peragendas,

334 2049 604 2134 diminuendam,
630 2046 810 2141 augendas
835 2064 905 2118 etc.
931 2045 1138 2116 functiones
1165 2048 1371 2137 systematis
1396 2047 1605 2141 vegetativi,
1626 2067 1786 2138 quarum
1806 2042 1947 2115 sibine

335 2188 521 2262 conscium
549 2181 701 2275 quidem
728 2197 792 2252 est.

486 2325 573 2400 Res,
600 2338 694 2409 quae
719 2313 981 2400 consideretur,
1008 2332 1108 2386 certo
1134 2313 1350 2411 dignissima
1372 2331 1436 2400 est,
1462 2313 1562 2408 quod
1582 2311 1790 2383 functiones
1812 2328 1851 2383 et
1870 2336 1949 2383 mo·

334 2477 393 2530 tus
418 2451 583 2548 partium
609 2450 732 2518 nervis
758 2452 961 2539 systematis
991 2450 1157 2519 animalis
1183 2451 1448 2519 instructarum
1480 2473 1500 2519 a
1532 2449 1639 2520 nobis
1669 2447 1755 2517 satis
1789 2444 1948 2517 adtentis

334 2588 544 2686 percipiet
568 2585 699 2653 sentiri
726 2585 885 2677 possintl,
917 2608 1003 2653 cum
1033 2601 1158 2655 tamen
1192 2607 1341 2679 organa.
1359 2585 1484 2653 nervis
1513 2583 1719 2672 systematis
1750 2581 1950 2677 vegetativi

271 2789 274 2793 .
336 2721 500 2819 praedita
525 2720 688 2788 actiones
711 2719 762 2786 ita
788 2714 1002 2810 perficiant,
1026 2737 1069 2790 ut
1094 2720 1235 2811 integra
1260 2715 1475 2786 valetudine
1497 2739 1544 2784 ne
1570 2716 1768 2784 minimum
1795 2714 1949 2807 quidem

336 2855 386 2927 de
411 2854 457 2924 iis
482 2851 692 2921 sentiamus.
744 2851 835 2944 Quis
863 2852 963 2920 enim
991 2868 1054 2936 est,
1081 2852 1145 2944 qui
1172 2852 1273 2921 cib'os
1296 2852 1493 2942 concoqui,
1519 2850 1636 2920 bilem
1663 2867 1699 2918 et
1723 2851 1870 2919 urinam
1896 2872 1949 2920 se·

341 2989 453 3072 cerni,
479 2987 696 3081 sanguinem
723 2985 886 3080 propelli
912 3001 979 3054 etc.
1006 2983 1079 3073 jam
1104 2983 1279 3056 senserit?
1357 2984 1553 3055 Terminus
1585 2987 1715 3068 etiam,
1748 3001 1951 3077 utrumque

338 3141 497 3212 systema
522 3144 705 3212 separans,
743 3139 819 3189 tam
846 3116 1059 3189 manifestus
1085 3136 1252 3212 apparet,
1286 3135 1327 3189 ut
1353 3142 1384 3188 e.
1409 3140 1443 3212 g.
1477 3118 1578 3187 cibos
1603 3143 1668 3188 ore
1695 3138 1731 3190 et
1758 3122 1950 3215 pharynge

316 3274 520 3354 acceptos,
544 3255 585 3320 in
610 3255 666 3321 his
693 3254 791 3342 ipsis,
816 3253 941 3321 nervis
967 3255 1175 3337 systematis
1198 3251 1365 3319 animalis
1391 3234 1584 3339 praeditis,
1617 3255 1757 3344 optime
1788 3253 1950 3324 animad-

340 3401 526 3455 vertamus
550 3398 588 3451 et
614 3379 841 3477 distinguere
866 3382 1055 3477 possimus,
1081 3399 1304 3474 quocontra
1330 3382 1422 3450 haec
1447 3379 1634 3451 distinctio
1665 3385 1836 3457 ciborum
1870 3414 1951 3460 era·

342 3518 469 3603 nescit,
495 3518 552 3588 his
579 3517 797 3611 oesophago,
824 3517 1033 3586 ventriculo
1060 3531 1130 3587 etc.
1156 3517 1326 3611 ingestis,
1357 3538 1450 3606 quae
1480 3539 1615 3613 organa
1647 3543 1762 3590 nervo
1795 3545 1887 3619 vago
1913 3541 1953 3592 et

344 3653 589 3746 sympathico,
615 3650 637 3719 i.
664 3675 693 3718 e.
718 3652 841 3721 nervis
865 3652 1022 3746 gangliis
1047 3639 1236 3734 distinctis,
1259 3651 1505 3721 instruuntur.
1536 3686 1586 3700 ·—
1637 3660 1765 3726 Motus
1791 3660 1953 3750 partium

344 3786 545 3878 systematis
572 3784 739 3854 animalis
764 3807 871 3853 sensu
897 3784 1041 3878 percipi
1066 3802 1205 3877 potest;
1247 3787 1327 3877 quis
1360 3788 1460 3854 enim
1487 3803 1557 3872 est,
1582 3788 1647 3881 qui
1672 3791 1759 3860 setis
1782 3791 1952 3865 adtentus

345 3936 468 3994 motus
494 3914 749 3988 musculorum
776 3917 1054 3987 extremitatum
1079 3943 1155 3987 non
1181 3913 1410 3990 observarit?
1472 3924 1599 3990 Motus
1632 3940 1756 3991 tamen
1790 3927 1952 4016 partiunt

324 4054 552 4143 -systematis
577 4051 785 4148 vegetativi,
811 4075 842 4118 e.
868 4074 902 4145 g.
929 4069 1074 4124 motum
1101 4056 1367 4144 peristaltiotun
1395 4057 1670 4138 intestinorum,
1702 4075 1849 4127 motum
1873 4083 1954 4130 cor·

351 4183 407 4252 dis
431 4203 499 4256 etc.
523 4209 635 4255 nemo
659 4188 737 4257 sani
762 4190 926 4280 corporis
951 4189 1074 4258 sentit.
1099 4213 1148 4228 ·-
1201 4191 1293 4258 Sunt
1320 4190 1471 4285 quidem
1497 4193 1712 4288 argumenta
1737 4192 1843 4284 plura
1869 4219 1954 4266 con·

352 4332 410 4384 tra
434 4317 528 4383 hanc
554 4323 771 4391 sententiam
798 4324 952 4416 prolata,
980 4348 1074 4416 quae
1099 4325 1217 4418 gravis
1243 4349 1328 4394 sane
1341 4327 1520 4394 momenti
1542 4351 1617 4397 esse
1632 4325 1818 4399 videntur.
1860 4335 1902 4397 E.
1917 4351 1953 4424 g.

352 4472 430 4521 non
456 4447 496 4513 in
524 4451 692 4521 omnibus
719 4462 881 4550 corporis
907 4458 1069 4551 partibus
1096 4482 1209 4550 aeque
1238 4445 1378 4530 certasti
1396 4485 1492 4544 esse,
1518 4478 1645 4531 utrum
1671 4462 1867 4533 voluntatis
1887 4463 1957 4534 im·

353 4581 461 4678 perio
487 4577 654 4649 subditae
679 4586 762 4672 sint,
788 4615 855 4659 nec
879 4614 943 4680 ne3
971 4592 1069 4685 quod
1096 4595 1135 4662 in
1162 4594 1277 4663 vesica
1303 4595 1472 4681 urinaria,
1497 4597 1708 4692 sphinctere
1733 4600 1794 4668 ani
1810 4617 1876 4669 eto
1901 4599 1958 4670 lo·

356 4737 443 4788 curn
467 4713 609 4801 habeat,
637 4736 729 4807 quae
754 4720 858 4792 nobis
883 4725 1021 4815 insciis,
1054 4729 1134 4822 ipso
1159 4752 1307 4817 somno,
1333 4749 1539 4806 contractae
1570 4754 1802 4823 remaneant,
1832 4752 1957 4831 postea
