4590 5858
336 620 407 695 128

331 781 636 895 corripiebantur
667 781 714 876 ¹).
761 786 847 859 Hoc
872 809 918 859 eo
943 785 1097 884 quidem
1123 786 1264 863 iactum
1290 812 1365 866 esse
1392 791 1516 884 credo,
1541 797 1644 893 quod
1675 798 1849 878 stimulus
1883 809 1960 882 boc

331 919 375 990 in
398 943 486 993 casu
512 921 713 1017 applicatus
738 894 873 992 multo*
888 922 1048 994 validior
1074 924 1202 1013 fuerit,
1238 951 1349 1022 quam
1374 931 1440 1024 qui
1465 932 1616 1028 ganglio
1643 932 1799 1034 infringi
1825 960 1955 1035 potue.

332 1054 396 1127 rit.
451 1059 549 1124 Nam
574 1079 660 1125 cum
686 1056 868 1148 quantitas
894 1075 931 1127 et
956 1059 1011 1127 ris
1036 1060 1295 1161 sensationum,
1321 1086 1409 1156 quas
1435 1064 1593 1158 quodvis
1619 1070 1800 1164 ganglion
1826 1099 1956 1150 arcere
1983 1153 1986 1156 ,

333 1204 465 1282 potest,
491 1207 592 1260 certo
618 1190 814 1261 constituta
840 1208 877 1261 et
902 1190 1142 1265 determinata
1167 1195 1232 1280 sit,
1258 1195 1347 1268 illae
1384 1197 1416 1268 si
1448 1196 1546 1288 justo
1579 1203 1854 1279 numerosiores
1886 1170 1977 1284 ιιιιιΙ

332 1319 530 1393 ralidiores
556 1322 802 1412 adducuntur,
827 1325 1003 1422 ganglion
1029 1350 1101 1421 ope
1135 1324 1290 1399 filorum
1317 1329 1591 1404 medullarium
1623 1334 1696 1406 boc
1729 1354 1957 1414 transmesn·
2051 1428 2056 1435 ¹

334 1453 453 1542 uum,
480 1452 616 1529 effectu
634 1464 776 1529 'massae
806 1458 1040 1532 secundariae
1072 1460 1268 1533 inhibente
1294 1463 1416 1553 victo,
1446 1485 1641 1563 superant,
1663 1485 1706 1542 et
1730 1487 1821 1544 tuuc
1843 1470 1956 1548 iacile

333 1611 422 1661 cum
446 1591 609 1664 sensorio
625 1578 831 1668 'communi
856 1595 1193 1670 communicantur.

1047 1727 1082 1822 §0
1134 1734 1226 1803 CIX.

483 1858 682 1953 Quaeritur
704 1877 839 1948 autem,
865 1886 1044 1958 quaenam
1070 1889 1174 1937 causa
1199 1853 1422 1960 adsit'quae
1443 1867 1588 1940 stimuli
1607 1871 1765 1968 gangliis
1784 1888 1849 1942 aut
1867 1895 1953 1945 ner·

332 1993 388 2063 ais
424 1990 631 2084 systematis
664 1997 864 2089 vegetativi
894 1999 1067 2094 applicati
1098 1999 1403 2095 propagationem
1434 2000 1481 2070 ad
1513 2004 1716 2076 censorium
1742 2028 1950 2079 commuue

332 2125 506 2201 inhibere
531 2126 670 2221 possit?
719 2131 790 2200 Cui
814 2133 1021 2225 quaestioni
1046 2133 1174 2203 nullus
1200 2129 1335 2204 dubito
1360 2132 1604 2228 responderes

483 2255 523 2353 7)
548 2278 671 2332 actum
695 2264 913 2338 sensationes
939 2265 1136 2339 inhibendi
1162 2265 1348 2358 imprimis
1372 2250 1600 2338 subsiantiae
1624 2269 1865 2347 secundariae
1888 2297 1951 2346 ru·

333 2394 628 2470 bello-cinereae
654 2396 937 2472 adscribendum
962 2425 1055 2495 esse3
1087 2424 1175 2472 oram
1206 2416 1332 2491 autem
1363 2400 1453 2472 haec
1484 2401 1684 2473 substantia
1716 2405 1756 2474 in
1792 2405 1950 2505 gargliis

332 2531 495 2602 maxime
527 2549 739 2604 coacervata
769 2531 837 2623 sit,
872 2536 963 2610 haec
995 2559 1147 2631 quoque
1179 2533 1452 2631 propagationis
1483 2533 1751 2630 interruptioni
1783 2539 1950 2610 manime

334 2664 523 2738 inservire.
1493 2760 1494 2763 Ἴ

483 2798 745 2886 Dubitantem,
770 2825 850 2873 rem
874 2803 925 2877 ita
951 2826 1045 2892 esse,
1082 2826 1193 2900 rogo,
1230 2819 1274 2874 ut
1296 2800 1529 2896 perpendere
1556 2802 1669 2889 velit,
1701 2800 1947 2882 substantiam

331 2930 547 3029 primariam
572 2935 820 3007 medullarem
846 2937 899 3009 ita
924 2941 1161 3012 constitutam
1188 2960 1274 3021 esse,
1298 2952 1343 3006 ut
1368 2935 1560 3007 medullae
1586 2959 1790 3009 nervorum
1815 2964 1946 3037 aequae

332 3068 380 3139 lis
404 3071 452 3141 sit
477 3068 540 3160 (cf.
565 3074 583 3153 §
608 3067 735 3161 XLV).
792 3077 887 3145 Curn
912 3095 1039 3151 autem
1065 3071 1328 3168 aequalitatem
1353 3089 1557 3142 structurae
1582 3069 1820 3145 functionum
1844 3077 1945 3149 simi·

331 3202 532 3276 limdinem
556 3207 700 3299 insequi
731 3228 876 3278 necesse
908 3210 972 3294 sit,
1010 3206 1250 3279 substantiam
1281 3204 1517 3301 gangliorum
1550 3202 1766 3298 primariam
1797 3210 1944 3281 stimuli

332 3337 588 3429 propagationi
613 3334 838 3408 inhibendae
864 3338 962 3410 baud
987 3358 1110 3436 aptam
1136 3359 1228 3422 esse,
1260 3333 1368 3405 facile
1399 3350 1514 3428 patet.
1575 3335 1674 3426 Quid
1707 3338 1840 3432 igitur,
1872 3342 1943 3413 hac

329 3469 477 3561 rejecta,
502 3486 624 3557 restat,
649 3469 710 3540 cui
734 3469 809 3540 hoc
833 3474 1024 3570 negotium
1049 3471 1276 3556 tribuamus,
1301 3490 1414 3562 quam
1438 3489 1573 3577 massae
1599 3467 1832 3542 secundariae
1858 3473 1943 3567 pul·

327 3600 464 3699 posse?
513 3605 614 3675 Huic
638 3604 839 3677 sententiae
864 3607 1019 3700 quidem
1044 3606 1107 3676 illi
1134 3627 1242 3701 aegre
1268 3580 1538 3688 adsentiantur,
1568 3602 1636 3696 qui
1660 3603 1754 3674 hauc
1778 3605 1940 3678 substan·

327 3737 419 3809 tiam
443 3761 580 3810 massae
603 3740 771 3810 cinereae
795 3742 940 3813 cerebri
965 3740 1136 3825 similem,
1162 3739 1254 3833 quin
1280 3735 1394 3809 etiam
1415 3758 1619 3808 nervorum
1640 3760 1793 3811 massam
1806 3742 1941 3836 primi·

326 3874 476 3968 geniam
500 3890 540 3943 et
563 3874 792 3944 nutrientem
818 3898 893 3946 esse
920 3873 1150 3946 contendunt
1176 3869 1237 3961 (cf.
1262 3869 1282 3961 §
1307 3866 1451 3958 m).
1500 3871 1630 3941 Talem
1649 3870 1940 3948 similitudinem

328 4031 417 4077 vero
448 4006 666 4100 neutiquam
700 4005 838 4092 adesse,
875 4024 919 4079 et
951 4007 1128 4078 fabricam
1165 4006 1389 4078 substantiae
1427 4002 1660 4076 secundariae
1696 4008 1938 4103 gangliorum

328 4138 514 4210 humaui
546 4140 709 4237 corporis
742 4141 850 4235 plane
882 4143 993 4212 aliam
1026 4160 1064 4214 et
1094 4140 1218 4213 multo
1250 4137 1460 4211 rudiorem·
1475 4161 1667 4234 apparere,
1696 4160 1809 4231 quam
1843 4167 1938 4236 quae

326 4293 466 4344 massae
487 4299 641 4347 nerveae
666 4300 774 4348 verae
800 4292 864 4346 aut
888 4275 1056 4349 cinereae
1081 4275 1225 4348 cerebri
1249 4290 1503 4367 comparetur,
1529 4271 1658 4344 ite'rata
1682 4276 1936 4369 experimenta

328 4408 529 4429 m*—

394 4465 424 4536 1)
460 4463 524 4538 Quo
542 4467 629 4523 simut
646 4468 689 4529 Cl.
707 4472 729 4529 l.
750 4471 884 4524 Manum
904 4472 1040 4525 sententia
1058 4488 1115 4523 nou
1132 4466 1278 4541 probatur,
1296 4464 1348 4538 qui
1366 4447 1605 4520 contractionibus
1629 4465 1826 4521 musculorum
1850 4469 1936 4526 invo-

501 4548 700 4604 iuntariornm
719 4555 752 4607 ri
769 4554 914 4626 galvanics
932 4554 1087 4609 efficiendis
1103 4551 1289 4607 necessarium
1313 4548 1418 4615 caedit,
1441 4565 1476 4605 ιιι
1497 4550 1567 4608 alter
1588 4551 1673 4625 polus
1696 4570 1785 4607 nervo
1810 4571 1937 4628 semper,

508 4631 582 4687 alter
601 4649 694 4687 autern
715 4639 849 4691 musculo
869 4639 931 4712 ipso
948 4641 1141 4696 admoveatur.
1178 4638 1225 4708 (V.
1245 4635 1280 4706 ej.
1298 4635 1344 4688 De
1362 4649 1511 4707 systemata
1527 4652 1631 4690 nerveo
1649 4634 1794 4696 hirudinis
1805 4649 1857 4705 ets,
1878 4637 1938 4712 epi·

508 4719 589 4782 stola,
624 4717 719 4774 Ticini
739 4734 812 4791 1795.
831 4751 865 4788 :
899 4722 1126 4779 Germanicam:
1144 4723 1217 4778 arn
1233 4718 1352 4786 Archiv,
1371 4722 1425 4787 Ba.
1443 4723 1480 4784 ll.
1496 4737 1559 4797 pag,
1579 4724 1651 4793 ιη.)
