4590 5858
334 675 404 749 106
452 782 455 787 ἢ

327 858 451 932 tenuis
476 851 571 945 (ιι),
596 848 850 925 secundariam
873 849 1114 922 substantiam
1142 854 1275 926 sensim
1302 862 1488 947 amittens,
1514 879 1688 934 truncum
1715 865 1823 936 nervi
1849 892 1948 958 sym·

327 993 470 1090 pathici
493 988 701 1081 simplicem
728 983 815 1072 edit,
840 987 902 1055 cui
928 1002 1053 1054 tamen
1079 987 1144 1057 vix
1170 1012 1326 1090 egresso,
1350 996 1474 1065 statim
1494 994 1561 1069 lila
1581 999 1804 1070 medullaria
1824 1025 1845 1070 e
1865 1003 1946 1095 pari

330 1148 531 1201 nervorum
556 1121 757 1192 dorsalium
781 1121 962 1208 secundo,
988 1145 1059 1215 ope
1085 1126 1179 1195 rami
1202 1129 1518 1201 ⁴communicantis
1551 1131 1646 1221 (nro.
1669 1132 1760 1221 22),
1797 1160 1945 1207 sursum

329 1265 504 1338 reclinata
529 1257 580 1327 ita
604 1255 843 1351 ingeruntur,
874 1272 920 1327 ut
944 1257 1105 1351 amplius
1129 1257 1292 1333 dubitari
1316 1288 1393 1334 non
1417 1268 1549 1359 possit,
1581 1269 1731 1364 ganglia
1756 1271 1946 1344 thoracico

329 1399 452 1494 primo
478 1392 647 1498 augendo
673 1416 715 1462 ea
741 1392 928 1487 proposita
952 1416 1040 1465 esse.
1082 1394 1170 1464 Alio
1195 1397 1318 1468 adhuc
1342 1399 1468 1487 modo,
1482 1400 1591 1473 valde
1606 1403 1797 1499 singulari,
1814 1404 1946 1476 eadem

329 1532 426 1604 ratio
452 1526 650 1615 (connexio
675 1526 815 1624 ganglii
840 1528 939 1599 thor.
963 1530 1076 1622 primi
1104 1552 1190 1598 cum
1216 1533 1297 1624 pari
1322 1558 1525 1606 nervorum
1546 1533 1749 1607 dorsalium
1768 1536 1944 1627 secundo)

330 1664 547 1762 acquiritur,
570 1660 664 1733 dum
687 1657 854 1731 fasciculi
878 1660 991 1752 hujus
1015 1665 1113 1757 paris
1134 1664 1311 1735 nonnulli
1336 1692 1442 1742 ramo
1467 1673 1757 1744 communicanti
1778 1697 1799 1743 e
1818 1673 1944 1769 primo

330 1805 411 1901 pari
436 1798 573 1874 dorsali
599 1813 686 1868 orto
711 1793 793 1884 (21)
816 1801 1123 1870 connectuntur.'
1148 1803 1286 1880 Ramus
1299 1806 1576 1879 communicans
1587 1806 1740 1880 secrmdi
1753 1808 1849 1902 paris
1863 1807 1948 1881 dor·

330 1941 415 2014 salis
439 1933 524 2037 (aa),
544 1951 670 2005 nutem
694 1930 736 2000 id
760 1931 903 2002 insoliti
928 1933 1067 2004 hocin
1092 1956 1178 2006 casu
1201 1937 1364 2020 exbibet,
1388 1955 1435 2008 ut
1458 1959 1654 2034 antequam
1679 1958 1816 2012 trunco
1836 1943 1944 2013 nervi

331 2069 556 2170 sympathici
581 2068 781 2162 ingeratur,
805 2068 845 2136 in
870 2068 1043 2163 ganglion
1069 2067 1140 2140 sibi
1166 2070 1238 2141 soli
1264 2072 1460 2167 proprium
1485 2090 1639 2160 tumeat,
1662 2076 1702 2144 in
1725 2098 1803 2168 quo
1820 2078 1947 2149 tunica

330 2211 483 2309 propria
507 2204 679 2288 detracta,
700 2199 770 2271 *fila
794 2223 931 2271 nerrea
954 2201 1064 2274 valde
1089 2204 1161 2276 sibi
1182 2206 1386 2302 implicata,
1403 2226 1441 2280 et
1459 2206 1719 2302 cucumposita
1731 2209 1945 2284 secundaria

330 2349 488 2445 pulposa
513 2339 726 2426 substantia,
750 2336 1047 2431 conspiciuntur.

1053 2471 1085 2567 §.
1136 2478 1215 2546 XC.

820 2602 990 2696 Gonglion
1016 2606 1219 2674 thoracleam
1244 2606 1293 2674 II
1316 2604 1365 2675 od
1384 2603 1472 2674 XII.

484 2744 714 2841 Ganglion
739 2743 1029 2816 thoracicum
1056 2740 1308 2815 secundum
1333 2742 1427 2836 (rig.
1451 2745 1538 2813 Vlll
1561 2767 1643 2814 nro.
1664 2741 1725 2834 aa)
1751 2746 1792 2817 in
1818 2765 1944 2821 nostro

333 2910 420 2960 casu
440 2880 569 2954 medio
592 2897 725 2950 trunco
751 2879 855 2950 nervi
879 2878 1103 2973 sympathici
1129 2877 1324 2945 inhaerens
1344 2878 1489 2947 nullam
1508 2877 1670 2949 radicem
1684 2877 1825 2952 directo
1836 2904 1947 2956 cursu

326 3016 355 3098 'a
379 3018 505 3092 nervis
527 3014 734 3111 spinalibus
756 3014 903 3109 accipit.
951 3018 1127 3083 Attamen
1153 3035 1175 3078 e
1200 2981 1281 3104 pari
1304 3007 1442 3081 dorsali
1468 3015 1592 3099 tertio,
1612 3010 1714 3106 quod
1730 3033 1807 3084 tres
1824 3039 1947 3088 ramos

333 3159 429 3252 (nro.
456 3149 524 3240 23)
547 3173 665 3221 nervo
689 3148 923 3243 sympathico
948 3146 1119 3246 augendo
1143 3144 1297 3240 spargit,
1318 3146 1500 3214 nonnulla
1520 3143 1589 3216 fila
1618 3147 1714 3216 rami
1751 3152 1950 3244 superioris
2022 3240 2028 3245 ⁶

333 3287 512 3384 ganglion
534 3281 740 3349 secundum
765 3279 942 3349 accedere
965 3281 1154 3351 videntur.
1203 3286 1248 3350 In
1273 3277 1422 3373 ganglia
1440 3278 1523 3371 ipso
1540 3277 1607 3348 fila
1624 3279 1950 3377 medullariapari

333 3417 451 3494 modo
476 3414 556 3485 fere
581 3437 622 3484 ac
647 3415 688 3484 in
719 3413 872 3510 ganglio
902 3412 1009 3483 nervi
1042 3412 1352 3483 communicantis
1380 3409 1532 3480 secundi
1562 3412 1661 3504 paris
1691 3412 1849 3489 dorsalis
1877 3419 1951 3492 sibi

333 3558 534 3631 intertexta
559 3569 670 3645 atque
695 3547 908 3620 secundaria
931 3547 1133 3620 substantia
1159 3544 1395 3635 circumiecta
1418 3561 1608 3638 apparent.
1715 3597 1718 3601 ⁴

485 3693 529 3760 G.
554 3666 840 3777 thoracicu'm
865 3685 1061 3756 tertium
1086 3680 1185 3778 (Fig.
1199 3686 1280 3752 vm
1295 3704 1376 3750 nro.
1393 3675 1457 3768 13)
1479 3677 1583 3773 quasi
1595 3678 1852 3755 rudimentum
1864 3708 1950 3781 gan.

334 3828 404 3928 glii
429 3823 664 3898 luctantum
695 3818 939 3915 conspicitur,
974 3819 1067 3889 licet
1097 3842 1120 3888 e
1151 3816 1274 3888 tribus
1303 3813 1491 3885 radicibus
1520 3838 1639 3884 nervo
1671 3813 1809 3887 dorsali
1841 3821 1950 3891 tertio

335 3962 488 4062 egressis
512 3979 586 4027 una
612 3979 659 4024 ex
682 3971 773 4038 tota,
796 3955 912 4025 altera
937 3980 960 4025 e
984 3952 1139 4023 dimidia
1164 3969 1272 4046 parte
1296 3949 1358 4018 illi
1388 3949 1576 4020 inseritur.
1640 3955 1811 4022 Truncus
1841 3954 1950 4024 nerm'

336 4093 558 4189 sympathici
589 4093 665 4162 hoc
696 4090 783 4161 loco
813 4113 891 4159 non
919 4105 1060 4174 tumet,
1096 4086 1287 4178 simulque
1318 4106 1541 4177 perpaucam
1573 4083 1687 4156 modo
1711 4085 1952 4158 substantiam
2021 4128 2028 4139 ι

336 4228 600 4314 secundariam,
624 4222 745 4298 oculis
768 4226 833 4299 vix
857 4223 1130 4319 assequendam,
1157 4219 1361 4292 observavi.
1375 4252 1426 4269 -
1450 4219 1572 4310 Hujus
1591 4218 1728 4316 ganglii
1747 4220 1951 4292 absentiam

336 4365 417 4439 fere
440 4378 569 4445 totam,
592 4385 710 4454 aeque
732 4385 774 4433 ac
796 4361 938 4458 ganglii
964 4362 1063 4433 thor.
1088 4353 1239 4428 secundi
1263 4352 1523 4449 exiguitatem,
1546 4355 1688 4451 ganglii
1712 4356 1810 4428 thor.
1834 4355 1952 4450 primi

337 4493 580 4597 amplitudini
606 4495 777 4565 insolitae
797 4493 1078 4566 adscribendam
1103 4515 1198 4577 esse,
1227 4488 1411 4583 suspicor,
1443 4512 1530 4559 cum
1557 4489 1596 4557 in
1622 4503 1722 4558 tanta
1747 4492 1953 4579 systematis

336 4633 536 4738 vegetativi
562 4628 740 4698 varietate
765 4654 835 4700 una
862 4655 946 4726 pars
968 4629 1182 4726 saepissime
1205 4620 1254 4695 ad
1278 4621 1541 4719 complendam
1563 4622 1721 4693 alteram
1748 4637 1830 4717 apta
1854 4625 1915 4696 sit.

487 4770 532 4841 G.
556 4761 841 4840 thoracicum
867 4781 1080 4856 quartum
1107 4758 1199 4856 (rig.
1224 4764 1309 4832 vm
1331 4781 1414 4830 nro.
1433 4752 1503 4845 14),
1528 4758 1586 4828 uti
1612 4781 1761 4852 semper
1785 4755 1876 4844 fere,
1900 4758 1957 4831 sic
