4590 5858
1840 613 1882 663 11

254 780 369 872 dum
407 783 543 873 aliam
576 781 800 870 rationem
835 778 1094 882 instituere,
1133 783 1306 898 quibus
1339 781 1454 874 huic
1484 791 1702 877 materiae
1732 789 1879 876 maxi·

253 1028 327 1090 me
360 1001 599 1089 intricatae
626 990 810 1108 aliquid
837 992 973 1101 lucis,
1004 996 1047 1084 si
1072 1000 1247 1112 coeptis
1275 998 1458 1088 faveant
1483 1005 1622 1110 vires,
1650 1019 1878 1119 quantum
1996 1108 2008 1129 ·

255 1216 449 1320 valeam,
476 1205 727 1302 offundam.

406 1425 606 1516 Laboris
646 1423 852 1541 suscepti
890 1421 1068 1516 fructus
1107 1426 1407 1547 sequentibus
1448 1423 1639 1545 pagellis
1680 1427 1874 1519 insertos

251 1642 305 1727 in
360 1658 560 1755 quatuor
609 1639 761 1757 capita
811 1632 1047 1746 distribui,
1099 1627 1298 1774 quirum
1348 1642 1555 1758 primum
1603 1636 1874 1725 historicum
1996 1564 2081 1743 sss

253 1872 471 1959 recenset,
524 1880 644 1965 quae
691 1878 753 1936 ex
788 1849 1006 1938 Gananr
1039 1855 1324 1972 temporibus
1357 1850 1419 1941 ad
1458 1872 1669 1942 nostrum
1706 1879 1873 1939 aevum

251 2095 399 2181 usque
441 2061 528 2152 hac
573 2060 634 2151 de
673 2061 862 2150 materie
903 2057 1092 2167 credita,
1137 2070 1413 2189 conscripta,
1454 2086 1502 2156 et
1540 2066 1678 2156 nobis
1716 2061 1872 2152 relicta

250 2267 377 2381 sunt3
438 2270 697 2361 secundum
742 2293 789 2362 et
834 2275 1025 2360 tertium
1076 2279 1286 2393 proprias
1334 2281 1610 2366 anatomicas
1656 2274 1871 2392 disquisi·
1985 2367 1987 2370 ,

251 2492 401 2579 tiones
418 2484 661 2592 exhibent,
674 2487 749 2575 ita
766 2482 975 2601 quidem,
1002 2505 1059 2573 ut
1084 2488 1280 2578 alterum
1297 2485 1357 2576 de
1377 2487 1592 2576 omnibus
1603 2492 1868 2606 generatim,

251 2703 445 2792 alterum
468 2727 586 2841 vero
599 2698 836 2817 speciatim
856 2694 915 2786 de
928 2699 1124 2817 singulis
1139 2718 1261 2816 agat3
1291 2718 1507 2818 quartum
1528 2696 1734 2818 denique
1749 2699 1869 2820 phy·

251 2911 460 3030 siologici
489 2909 641 2998 solum
672 2914 950 3026 argumenti,
995 2909 1200 3000 secundo
1234 2943 1288 3000 ac
1319 2917 1456 3001 tertio
1486 2931 1868 3028 superstructum,

251 3155 399 3215 meam
441 3121 502 3211 de
542 3121 835 3240 gangliorum
873 3121 1100 3244 dignitate
1139 3141 1281 3240 atque
1323 3152 1412 3212 usu
1449 3127 1723 3213 sententiam
1758 3153 1865 3213 con·

189 3469 194 3478 ¹
251 3345 382 3429 tinet.

403 3551 565 3651 Paucis
592 3547 744 3638 adhuc
770 3549 937 3641 addere
963 3553 1114 3658 liceat,
1140 3555 1194 3640 in
1229 3521 1560 3642 conscribendo
1594 3568 1759 3663 quarto
1794 3579 1864 3638 ca-

252 3769 350 3885 pite
378 3762 574 3851 aliorum
605 3765 855 3851 sententias
887 3797 915 3852 a
943 3795 1018 3853 me
1052 3793 1151 3852 non
1188 3789 1350 3853 omnes
1390 3780 1698 3881 pertractatas,
1745 3790 1864 3876 quae

252 4007 362 4064 vero
390 3976 627 4093 expositae
658 3998 787 4084 sunt,
827 4003 904 4066 eas
931 3980 1088 4066 minus
1114 3978 1301 4093 copiose
1334 3976 1561 4064 illusratas
1595 3996 1702 4061 esse.
1773 3972 1865 4062 Cui

252 4205 406 4276 tamen
433 4186 728 4279 incommodo
752 4210 808 4278 ut
835 4189 1052 4296 mederer,
1079 4193 1283 4309 primum
1311 4207 1452 4305 caput
1479 4217 1535 4274 eo
1564 4185 1711 4273 fusius
1740 4217 1865 4276 ame

253 4396 428 4486 editum
460 4420 543 4506 est,
586 4431 681 4520 quo
711 4402 935 4510 auctores,
976 4404 1045 4491 ibi
1073 4405 1226 4494 forsan
1254 4401 1428 4504 omissi,
1470 4396 1548 4484 hic
1575 4397 1706 4486 facile
1733 4400 1863 4486 inve·

201 4637 205 4644 “
253 4614 345 4701 niri
373 4614 563 4729 possint.

1221 4764 1362 4873 )()('
