4590 5858
223 662 226 669 ’
308 675 400 748 ,ιοε

327 836 492 937 quidem,
519 857 594 931 quo
619 832 734 929 magis
759 825 805 898 ad
831 823 918 900 ossis
944 823 1035 900 sacri
1062 823 1207 920 apicem
1233 823 1425 917 accedunt,
1451 852 1497 902 eo
1522 832 1637 932 magis
1664 833 1947 929 diminuuntur,

327 975 394 1048 ubi
418 993 543 1047 tamen
569 965 683 1038 simul
707 963 814 1033 nervi
853 984 939 1031 cum
972 960 1171 1033 sacralibus
1204 961 1327 1032 nervis
1360 970 1673 1042 communicantes
1705 997 1783 1044 non
1817 974 1948 1047 eadem

328 1110 471 1179 ratione
496 1104 706 1173 decrescere
732 1095 873 1187 solent;
905 1118 993 1166 nam
1024 1096 1167 1188 pluries
1198 1095 1245 1166 ad
1277 1097 1490 1174 secundum,
1514 1119 1553 1174 et
1585 1107 1742 1178 tertium
1771 1109 1947 1207 ganglion

328 1241 462 1314 sacrale
487 1259 620 1307 nervos
648 1227 900 1304 esacralibus
932 1227 1110 1302 adeuntes
1143 1229 1242 1316 vidi,
1272 1230 1339 1322 qui
1370 1232 1434 1303 rix
1467 1237 1654 1310 tenuiores
1684 1241 1833 1338 ganglia
1865 1243 1947 1336 ipso

329 1376 492 1447 nerana
543 1366 709 1463 Quodvis
736 1361 858 1464 dextri
883 1361 1011 1433 lateris
1037 1361 1213 1458 ganglion
1240 1366 1376 1437 sacrale
1402 1368 1679 1448 eidemsinistri
1694 1375 1830 1463 lateris,
1842 1397 1946 1446 ramo

331 1507 635 1589 communicante,
648 1497 751 1572 haud
769 1520 853 1568 raro
873 1493 1026 1589 duplici,
1046 1495 1294 1590 conjungitur·
1346 1503 1643 1600 Gangliolum
1668 1530 1948 1604 coccygeum

331 1642 449 1715 semel
475 1638 617 1733 duplex
642 1633 739 1725 vidi3
772 1630 953 1701 ultimum
979 1646 1104 1700 autem
1129 1630 1247 1750 finem
1272 1634 1388 1704 totius
1416 1642 1623 1729 systematis
1648 1644 1778 1715 nervei
1802 1663 1948 1741 vegeta·

330 1778 401 1849 tivi
426 1777 467 1846 in
493 1771 624 1843 eodem
649 1790 805 1863 corpore
830 1789 906 1835 non
931 1763 1030 1835 illud
1057 1764 1303 1860 gangliolum,
1341 1767 1405 1841 sed
1430 1772 1556 1865 potius
1581 1779 1786 1850 reticulum
1812 1802 1833 1848 e
1856 1801 1949 1850 non·

331 1911 446 1984 nullis
472 1906 638 1978 nervulis
663 1898 934 2002 minutissimis,
960 1900 1048 1970 ossis
1073 1900 1240 1996 coccygia
1266 1902 1411 1996 apicem
1435 1930 1562 1980 versus
1576 1910 1776 1998 tendentes,
1796 1938 1949 2009 compo·

333 2049 458 2129 situm,
484 2037 673 2110 efficiebat.
696 2069 748 2090 ·-
799 2040 899 2129 Quae
923 2049 1044 2103 tamen
1070 2037 1212 2124 omnia,
1238 2063 1327 2110 cum
1351 2036 1398 2110 ad
1423 2041 1608 2114 internam
1639 2043 1817 2124 fabricam
1848 2046 1948 2118 nihil

284 2172 287 2176 ’
334 2178 484 2269 iaciant3
506 2172 607 2268 quod
623 2170 668 2240 ad
681 2167 981 2239 distributionem
995 2186 1032 2238 et
1045 2171 1171 2257 situm,
1183 2171 1275 2242 haec
1288 2172 1437 2271 ganglia
1450 2175 1564 2245 etiam
1579 2175 1651 2266 jam
1663 2180 1745 2251 satis
1759 2180 1948 2274 praeclare

333 2316 518 2387 illustrata
532 2311 605 2378 sint
617 2302 659 2393 ¹),
673 2303 719 2374 ad
731 2302 808 2387 illa,
822 2324 916 2394 quae
929 2301 976 2375 de
990 2319 1172 2375 structura
1184 2304 1307 2378 adhuc
1320 2306 1505 2378 monenda
1516 2327 1610 2393 sunt,
1617 2314 1739 2382 statim
1751 2332 1946 2388 revertam.

481 2453 634 2543 laterna
659 2435 793 2509 fabrica
819 2437 1055 2532 gangliorum
1077 2434 1317 2524 lumbalium‚
1341 2442 1536 2511 sacralium
1562 2461 1599 2513 et
1623 2448 1799 2542 coccygei
1823 2448 1885 2517 illi
1910 2473 1947 2546 g.

331 2583 605 2661 thoracicorum
631 2596 779 2669 prorsus
804 2570 1012 2664 respondet.
1073 2570 1145 2641 llla
1177 2574 1278 2645 intus
1309 2575 1462 2647 rimanti
1495 2577 1579 2646 talis
1611 2577 1709 2649 mihi
1739 2604 1777 2649 se
1807 2582 1949 2654 obtulit

335 2735 548 2795 concentus,
570 2726 614 2778 ut
641 2730 777 2777 vanum
803 2706 972 2777 laborem
998 2704 1119 2798 quivis
1146 2723 1251 2780 certo
1276 2710 1515 2782 existimasset
1541 2711 1766 2782 ulteriorem
1790 2709 1948 2784 filorum

332 2845 602 2925 medullarium
642 2865 847 2935 eorumque
879 2839 1053 2911 decursus
1088 2855 1125 2907 et
1155 2839 1418 2933 implicationis
1450 2843 1751 2940 descriptionem.
1828 2853 1948 2940 Quam

332 2988 467 3083 igitur,
504 2979 572 3051 etsi
595 2975 661 3049 hic
687 2974 926 3064 desideratur,
952 2971 1177 3046 facillimum
1204 2978 1292 3067 erit,
1329 2978 1495 3053 diversae
1520 2976 1663 3077 figurae
1697 2979 1950 3054 accommoda·

331 3136 424 3206 tam,
450 3114 597 3188 addere.

483 3254 675 3319 Truncurn
700 3251 807 3318 nervi
832 3246 1055 3342 sympatbici
1080 3249 1180 3320 inter
1206 3249 1281 3319 duo
1305 3246 1455 3342 ganglia
1481 3247 1665 3321 thoracica
1683 3267 1748 3322 aut
1765 3250 1947 3323 lumbulis

331 3380 522 3459 interdum
548 3377 788 3452 deficientem
812 3379 1053 3453 observarunt
1078 3381 1286 3454 anatomici.
1350 3386 1472 3475 Quem
1497 3403 1620 3452 casum
1642 3400 1780 3469 tamen,
1801 3400 1846 3455 ut
1865 3385 1947 3476 ipse

331 3521 576 3606 observarem,
601 3517 697 3588 mihi
722 3540 798 3588 non
824 3516 993 3613 contigit,
1019 3541 1133 3611 quare
1159 3518 1262 3588 hunc
1286 3514 1437 3587 silentio
1463 3517 1663 3608 praeterire
1688 3534 1834 3589 coactus
1853 3541 1946 3588 sum.

1039 3649 1072 3740 t.
1121 3655 1235 3729 xcu.

493 3784 639 3879 Gonglia
665 3785 821 3870 coeliaco,
847 3782 1013 3877 heptatico,
1040 3780 1183 3866 lienalia,
1206 3780 1377 3873 phrenion,
1403 3783 1542 3868 tenella,
1568 3785 1788 3855 mesenterico.

479 3925 665 3995 Ultimum
691 3922 763 4013 jam
789 3922 1024 4018 gangliorum
1051 3918 1210 3991 fabricae
1235 3936 1381 4012 partem
1407 3919 1650 4016 adgressurus,
1686 3922 1945 4018 gravissimum

328 4058 441 4130 simul
465 4059 659 4153 negotium
684 4058 869 4153 suscipere
896 4079 1023 4128 conor.
1086 4058 1260 4145 Namque
1292 4054 1460 4148 pericula
1493 4052 1639 4125 diverso
1662 4053 1776 4127 modo
1803 4055 1945 4125 iterum

330 4193 542 4284 iterumque
567 4194 726 4287 repetita
752 4191 921 4264 nondum
947 4214 993 4261 eo
1019 4215 1080 4261 me
1098 4186 1347 4273 adduxerunt,
1371 4204 1416 4257 ut
1443 4212 1489 4258 ex
1515 4189 1620 4261 omni
1642 4207 1748 4284 parte
1772 4213 1834 4259 me
1860 4212 1944 4258 con·

327 4340 454 4396 tentus
475 4348 556 4393 rem
579 4328 702 4399 verbis
729 4329 925 4423 explanare
951 4327 1106 4399 valeam.
1171 4327 1266 4392 Cum
1292 4337 1418 4392 tamen
1438 4324 1473 4392 'is
1498 4324 1585 4418 sim,
1617 4325 1683 4417 qui
1713 4324 1854 4417 primus
1881 4347 1942 4405 ex·
1994 4355 1997 4358 ·

327 4459 625 4556 perimentomm
649 4485 832 4533 summam
856 4462 926 4531 hac
952 4459 999 4531 de
1024 4486 1066 4532 re
1094 4478 1304 4554 proponere
1334 4457 1509 4545 audeam,
1548 4459 1714 4529 excusari
1745 4481 1806 4530 me
1837 4479 1943 4551 posse

327 4590 453 4678 credo,
477 4592 509 4661 si
535 4614 628 4685 quae
653 4591 892 4667 desideranda
917 4596 1038 4668 adhuc
1064 4608 1301 4692 supererunt.
1325 4627 1377 4646 -
1403 4593 1465 4665 111.
1490 4595 1636 4664 Scanra
1661 4590 1817 4684 quidem
1842 4590 1944 4662 solus

325 4728 526 4744 ,Ἀ

391 4787 420 4854 t)
454 4805 484 4845 v.
502 4786 537 4846 G.
557 4787 693 4843 Warrrn
711 4781 731 4843 Ι.
750 4801 773 4843 e.
789 4785 857 4843 Tab.
874 4788 897 4845 l.
916 4787 961 4858 ug.
978 4785 993 4837 1
1011 4801 1037 4841 et
1054 4789 1092 4841 11.
