4590 5858
1882 691 1963 767 ¹25

349 852 472 926 nervis
496 852 715 951 vegetativis
736 851 915 925 instmcta
939 872 1096 922 munere
1121 870 1207 936 sno,
1239 847 1286 922 ad
1319 865 1464 923 certum
1493 864 1641 969 tempus
1665 847 1814 938 saltent,
1839 849 1963 925 adhuc

271 972 294 1025 *³
350 986 567 1084 funguntur,
591 989 641 1059 ita
665 1005 709 1057 ut
732 982 928 1081 respiratio
954 987 1206 1072 continuetur,
1227 1009 1292 1057 cor
1317 1005 1513 1058 moveatur
1537 1005 1609 1058 etc.
1665 983 1776 1080 Quod
1798 1007 1884 1055 sane
1908 986 1962 1057 ita

348 1145 523 1193 essenon
547 1142 679 1216 posset,
705 1122 737 1192 si
762 1123 853 1192 haec
876 1142 1013 1215 organa
1038 1120 1199 1214 imperio
1226 1121 1368 1190 cerebri
1396 1138 1433 1191 et
1458 1121 1648 1193 medullae
1659 1120 1809 1214 spinalis
1826 1117 1961 1210 eodem

348 1254 473 1340 modo,
499 1280 574 1349 quo
599 1279 735 1351 organa
759 1257 966 1348 systematis
992 1255 1160 1326 animalis
1185 1271 1414 1327 tenerentur.
1470 1260 1644 1327 Attamen
1668 1273 1828 1346 systema
1853 1230 1976 1349 vege-¹

348 1388 506 1459 tatinum
531 1414 609 1461 non
634 1390 781 1484 penitus
806 1389 971 1487 liberum
994 1411 1072 1459 esse
1096 1388 1143 1460 ab
1169 1383 1427 1459 affectionibus
1453 1388 1600 1459 cerebri
1630 1409 1668 1460 et
1699 1390 1850 1484 spinalis
1882 1414 1960 1462 me·

347 1520 486 1610 dullae‚
511 1521 552 1594 id
578 1522 650 1614 jam
676 1547 721 1594 eo
745 1525 830 1595 satis
855 1524 978 1617 palam
1004 1520 1060 1610 lit,
1086 1503 1187 1617 quod
1212 1539 1425 1616 aegrotante
1444 1521 1826 1614 systemateanimali‚
1849 1521 1959 1596 facile

346 1657 459 1728 etiam
483 1677 644 1748 systema
668 1661 918 1755 vegetativum
945 1653 1132 1742 afficiatur,
1159 1675 1196 1738 et
1222 1656 1340 1726 fracto
1366 1656 1454 1741 illo,
1484 1681 1575 1728 mox
1605 1679 1756 1751 quoque
1787 1659 1861 1730 hoc
1882 1658 1960 1730 col·

345 1792 502 1866 labatur.
552 1791 811 1882 conjunctioni
838 1790 1035 1884 utriusque
1062 1792 1270 1880 systematis
1296 1785 1504 1861 efficiendae
1531 1807 1633 1861 certo
1657 1792 1762 1860 nervi
1777 1792 1839 1862 illi
1859 1815 1960 1864 com·

343 1925 572 1996 manicantes
595 1927 810 2018 praesertim
835 1923 949 1995 dicati
975 1944 1073 2010 sunt,
1092 1928 1156 2019 qni
1178 1923 1335 2019 gangliis
1355 1901 1611 2010 cervicalibus,
1631 1925 1839 2013 thoracicis,
1859 1927 1957 1999 lum·

343 2058 500 2143 balibns,
524 2060 723 2129 sacralibns
748 2059 854 2128 nervi
879 2060 1104 2151 sympathici
1130 2076 1168 2129 et
1200 2061 1323 2128 nervis
1356 2056 1561 2150 spinalibns
1595 2056 1855 2153 medullaeque
1874 2060 1958 2156 ‚spi-

343 2192 420 2261 nali
443 2191 628 2281 interjecti
660 2207 745 2260 sunt
777 2188 840 2279 (cf.
865 2193 883 2272 §
909 2190 1090 2280 Lxxtt);
1126 2215 1212 2260 cum
1244 2190 1399 2260 cerebro
1429 2192 1511 2284 ipso
1543 2214 1680 2261 nervus
1711 2193 1887 2265 Vidianns
1919 2211 1958 2269 et

340 2326 437 2395 rami
460 2321 508 2394 ad
532 2349 689 2395 nervum
713 2342 861 2393 sextum
881 2323 1073 2396 tendentes
1086 2323 1393 2394 necessitudinem
1407 2324 1591 2417 imprimis
1604 2327 1721 2398 alunt.
1759 2333 1956 2400 Destructa

341 2480 430 2527 vero
456 2461 609 2528 omnino
635 2457 802 2529 medulla
821 2460 955 2552 spinali
983 2458 1192 2529 functiones
1218 2459 1423 2547 systematis
1450 2459 1651 2554 vegetativi
1678 2483 1766 2529 mox
1798 2458 1956 2547 auferri,

339 2599 398 2662 La
423 2596 586 2662 Gttnots
613 2594 872 2687 experimentis
897 2594 981 2663 satis
1005 2591 1262 2687 comprobavit
1291 2588 1323 2679 ¹)
1354 2586 1402 2679 ²).
1427 2627 1480 2644 —
1514 2597 1610 2662 Cum
1636 2608 1762 2662 autem
1789 2593 1954 2663 instato

340 2725 506 2819 corporis
530 2749 617 2795 sano
643 2726 854 2798 libertatem
881 2724 1064 2820 quandam
1090 2727 1297 2816 systematis
1322 2726 1523 2823 vegetativi
1548 2725 1595 2797 ab
1621 2727 1780 2820 imperio
1805 2727 1953 2798 cerebri

338 2875 376 2926 et
400 2857 588 2926 medullae
613 2858 764 2951 spinalis
788 2861 956 2954 accipere
980 2882 1124 2930 necesse
1150 2861 1216 2945 sit,
1242 2861 1331 2930 hnic
1349 2858 1572 2952 separationi
1592 2857 1850 2951 producendae
1870 2860 1954 2929 nul·

247 3008 261 3026 '
334 2992 419 3061 lum
444 3013 609 3085 organon
635 2991 763 3083 aptius,
787 3015 900 3083 quam
926 2992 1059 3060 seriem
1085 2993 1322 3087 gangliorum
1347 3016 1424 3063 esse
1449 3015 1594 3065 censeo.
1658 2989 1767 3084 Quod
1798 3015 1953 3086 sequen·

338 3126 436 3195 tibus
461 3127 687 3220 argumentis
714 3123 830 3196 fusius
854 3123 978 3195 adhuc
1004 3122 1330 3198 demonstrabitur.

1065 3263 1095 3340 §·
1145 3265 1220 3330 CV.

437 3388 479 3478 3)
505 3391 725 3460 Functiones
751 3411 976 3484 organorum
1001 3392 1125 3461 nervis
1152 3389 1368 3484 vegetativis
1394 3407 1433 3460 et
1457 3389 1614 3487 gangliis
1639 3389 1906 3463 instructorum
1930 3413 1953 3464 a

336 3524 455 3616 prima
481 3523 624 3616 origine
651 3539 831 3618 perpetuo
855 3522 935 3590 sine
958 3522 1039 3591 ulla
1062 3523 1347 3604 exercitatione,
1383 3522 1507 3612 primo
1537 3524 1635 3592 vitae
1661 3520 1722 3592 die
1747 3545 1863 3615 aeque
1889 3548 1953 3594 ex·

336 3677 416 3728 acte
444 3679 556 3748 quam
581 3655 735 3737 ultimo,
771 3650 1036 3746 perficiuntur,
1067 3677 1156 3723 cum
1186 3678 1208 3723 e
1239 3655 1425 3748 contrario
1454 3653 1709 3724 functionibus
1741 3654 1949 3743 systematis

334 3792 515 3878 animalis,
538 3790 670 3875 motui,
696 3787 862 3859 sensibus
888 3771 956 3859 etc.
984 3805 1162 3882 perpetua
1176 3788 1334 3872 cultura,
1360 3807 1404 3859 nt
1417 3786 1656 3884 perfectiores
1675 3785 1841 3874 evadant,
1854 3811 1949 3882 opus

333 3933 383 4001 sit
412 3920 458 4015 ³).
510 3925 631 3996 Simul
657 3924 768 3993 etiam
794 3945 930 4018 organa
955 3925 1162 4014 systematis
1185 3922 1387 4017 vegetativi
1411 3923 1655 4004 continenter,
1678 3920 1758 3990 sine
1783 3920 1948 4014 interpo-

333 4068 400 4135 sita
424 4081 529 4130 mora
554 4060 690 4143 otiove,
715 4055 921 4128 structiones
944 4058 1025 4131 dies
1058 4077 1260 4150 noctesque
1290 4055 1339 4127 ad
1369 4073 1529 4127 mortem
1562 4077 1679 4147 usque
1712 4052 1945 4142 continuant,

333 4196 425 4268 dum
451 4216 472 4262 e
498 4189 685 4259 contrario
716 4188 936 4261 lunationes
954 4192 1161 4283 systematis
1191 4189 1358 4261 animalis
1388 4196 1515 4293 quiete
1539 4185 1699 4283 (somno)
1731 4189 1942 4282 saepissime

332 4346 470 4426 egeant,
495 4342 539 4395 ut
564 4322 610 4399 ad
635 4347 776 4393 novum
802 4322 970 4396 laborem
993 4322 1269 4419 suscipiendum
1291 4320 1514 4396 reficiantur.

399 4521 426 4590 t)
462 4520 527 4576 libr.
546 4519 593 4576 cit.
613 4519 625 4588 (
648 4561 654 4574 .
672 4517 696 4584 y.
714 4514 828 4568 xxxtt
843 4516 950 4586 supra.)
966 4545 1003 4559 -
1035 4515 1080 4575 Cf.
1098 4515 1200 4568 etiamr
1218 4516 1240 4574 1,
1257 4515 1289 4574 1².
1307 4517 1444 4581 Macares,
1462 4512 1621 4570 Handbnclt
1642 4514 1746 4595 ²1⁰·7T·
1761 4517 1783 4574 1.
1804 4533 1864 4589 pag.
1876 4520 1937 4582 314.

396 4607 426 4676 a)
460 4606 544 4658 Plura
561 4618 722 4679 argtuuenta
740 4619 792 4673 pro
812 4613 884 4653 statu
906 4602 1064 4670 systematis
1086 4600 1241 4675 vegetativi
1263 4619 1278 4653 ι
1301 4602 1415 4655 cerebro
1439 4601 1576 4675 pendente
1598 4619 1627 4659 v.
1652 4599 1726 4673 apud
1748 4605 1937 4652 durannum

513 4686 704 4761 Physiologie.
723 4686 757 4743 Τ,
776 4686 826 4737 111.
844 4703 905 4760 pag.
925 4699 968 4753 51.
987 4703 1027 4756 sq.
1047 4685 1152 4758 quibat
1170 4700 1263 4739 tamen
1281 4685 1356 4740 baud
1375 4686 1510 4741 omnibus
1527 4704 1614 4757 reque
1631 4682 1764 4738 adsentiri
1776 4695 1938 4754 postumat.
1950 4700 1977 4725 x

395 4773 426 4846 3)
461 4769 505 4831 (ΣΙ.
524 4773 640 4828 Wmn
657 4769 678 4829 L
696 4790 719 4829 c,
736 4788 799 4845 pag.
820 4784 876 4842 139·
1457 4777 1469 4799 ⁸
1933 4774 1937 4779 '
