4590 5858
1874 684 1942 759 ¹¹7

332 847 395 895 sua
424 825 555 895 actione
587 826 745 918 affuturi
763 827 906 915 fluxum
936 831 1110 923 spirituum
1135 857 1200 926 per
1223 809 1375 920 neruosf‘
1415 872 1466 889 -
1502 859 1605 911 mera
1637 857 1674 910 et
1704 840 1941 914 Lancisianae

336 959 441 1052 (mox
467 963 564 1033 infra
588 957 819 1053 refutandae)
844 968 961 1038 simili
987 969 1161 1062 opinione
1186 970 1331 1042 nititur.

480 1101 725 1193 Argumenta,
758 1122 851 1192 quae
878 1106 921 1174 G.
947 1106 1078 1175 Harsr
1103 1105 1263 1199 protulit
1297 1102 1356 1192 (cf.
1383 1101 1404 1193 ᾗ
1428 1098 1575 1190 xva),
1606 1105 1843 1199 probaturus:
1880 1106 1941 1189 „in

330 1227 502 1317 „gangliis
520 1252 634 1299 nervos
659 1256 680 1297 a
705 1253 740 1298 se
764 1232 898 1300 invicem
923 1235 1085 1319 recedere,
1109 1236 1268 1326 simulque
1293 1258 1337 1302 ex
1361 1234 1400 1300 iis
1424 1235 1590 1302 commode
1610 1253 1642 1302 et
1664 1254 1737 1304 tuto
1757 1237 1939 1304 distribuu‘

330 1395 380 1410 --
406 1363 625 1456 neutiquam
650 1368 739 1438 huic
763 1365 833 1436 fini
863 1349 1058 1440 sufficiunt.¹
1135 1371 1283 1442 Oblitus
1318 1396 1392 1442 esse
1423 1371 1571 1441 videtur
1602 1370 1834 1443 doctissimus
1863 1373 1938 1460 vir,

218 1580 220 1583 Ι
329 1491 443 1564 idem'
457 1502 654 1589 permultis
680 1502 771 1572 locis
796 1502 875 1572 sine
902 1504 984 1573 ullo
1011 1503 1248 1600 gangliorum
1272 1528 1414 1574 accessu
1441 1491 1537 1575 lieri.

480 1638 530 1704 At
555 1656 675 1727 neque
700 1634 763 1706 111.
788 1637 966 1705 Scaurum
993 1638 1084 1706 tales
1105 1637 1265 1708 rationes
1291 1635 1336 1705 ad
1362 1637 1588 1709 fundandam
1615 1638 1830 1731 opinionem
1854 1642 1937 1709 Μο-

330 1762 445 1835 clrelii
470 1783 506 1835 et
532 1767 656 1835 Zinnii
682 1769 721 1838 in
747 1769 872 1838 lucem
896 1769 1097 1864 protulisse
1123 1769 1282 1852 invenio,
1309 1793 1401 1862 quae
1427 1781 1515 1841 v'oto
1539 1771 1783 1864 respondeant
1813 1768 1877 1859 (f.
1902 1764 1937 1862 §

328 1895 450 1984 xm).
500 1905 735 1992 Argumenta,
761 1925 853 1993 qnae
877 1904 937 1973 111.
962 1903 1022 1973 vir
1047 1902 1199 1995 collegit
1223 1899 1269 1969 ad
1289 1902 1546 1973 illustrandam
1563 1907 1800 1975 sententiam:
1827 1923 1937 1990 „garn

327 2029 400 2119 glia
425 2030 504 2097 benc
530 2032 709 2098 conducere
731 2032 778 2098 ud
799 2056 914 2101 nervos
936 2058 994 2124 per
1019 2034 1200 2099 humanum
1226 2055 1342 2121 corpus
1367 2050 1446 2123 apte
1465 2035 1653 2126 copioseque
1676 2034 1936 2102 distributum

328 2197 381 2216 ·-
405 2164 489 2235 satis
515 2161 732 2247 ostendunt,
766 2190 852 2236 eum
878 2163 925 2235 de
958 2164 1137 2254 „augendo
1168 2163 1372 2230 surculorum
1404 2191 1593 2236 neruorum
1625 2173 1784 2235 ηιιιηενοα
1820 2186 1858 2238 et
1888 2165 1936 2238 ‹le

327 2295 580 2390 frequentiore
606 2318 885 2389 nonnumquam
909 2301 1014 2392 copia
1040 2297 1310 2396 egredientium
1335 2324 1536 2373 nervorum
1563 2323 1673 2392 quam
1698 2302 1935 2384 intrantium,

329 2449 475 2500 certum
500 2453 577 2499 esse
607 2420 656 2515 ¹).
732 2432 872 2502 Inritus
904 2435 1006 2525 quasi
1037 2432 1124 2503 ideo
1150 2435 1305 2533 gangliis
1331 2432 1544 2529 proprium,
1570 2455 1591 2500 a
1615 2430 1769 2503 cerebro
1796 2448 1834 2500 et
1859 2455 1935 2501 me·
2048 2515 2054 2527 ¹

329 2563 434 2633 dulla
459 2562 593 2656 spinuli
618 2584 693 2631 non
718 2561 942 2653 pendentem
967 2583 1102 2638 statum
1127 2566 1331 2664 concedere
1357 2566 1521 2652 videtur,
1546 2564 1639 2636 dum
1663 2586 1777 2634 novos
1802 2589 1935 2635 nervu-

328 2698 384 2767 los
411 2696 520 2768 iniis
547 2694 638 2766 oriri
663 2695 802 2766 statuit.
854 2698 961 2791 Quod
988 2717 1113 2769 autem
1138 2697 1169 2767 si
1195 2696 1421 2786 conceditur,
1448 2722 1578 2794 parurn
1606 2720 1812 2795 congruum
1833 2717 1935 2784 esset,

329 2828 491 2917 credere,
517 2829 664 2925 ganglia
689 2831 760 2899 soli
785 2831 1017 2900 mechanicae
1043 2831 1304 2902 commixtioni
1331 2850 1393 2901 aut
1418 2831 1655 2919 disjunctioni
1687 2855 1886 2902 nervorum
1912 2854 1933 2900 e

328 2961 478 3032 cerebro
504 2979 566 3032 aut
590 2961 755 3031 medulla
779 2964 912 3055 spinali
938 2980 1105 3034 ortorum
1131 2964 1223 3034 facta
1250 2989 1338 3037 esse.

429 3102 490 3165 Ln
513 3099 675 3164 Garnors
700 3118 821 3188 nuper
846 3098 934 3166 huic
959 3099 1159 3167 sententiae
1192 3093 1334 3190 aliquid
1366 3093 1600 3166 fundamenti
1632 3094 1801 3186 adjecisse
1834 3096 1934 3166 vide·

328 3246 403 3315 tur,
429 3230 494 3322 qui
518 3253 677 3300 nervum
703 3228 978 3320 sympathicnm
1002 3228 1143 3302 radicas
1169 3254 1190 3300 e
1215 3229 1380 3300 medulla
1405 3228 1540 3319 spinuli
1571 3253 1717 3300 sumere
1749 3231 1833 3298 vult
1864 3225 1934 3310 (cf.

327 3366 358 3444 ᾗ.
383 3362 582 3448 ΧΧΧΙΙ.).·
607 3363 873 3455 Εκρετίιηεηῑε
898 3336 1007 3448 buius
1034 3360 1106 3431 viri
1131 3360 1365 3433 solertissimi
1390 3363 1556 3431 multum
1581 3358 1735 3452 quidem
1755 3360 1848 3429 lucis
1871 3358 1935 3430 do·

327 3496 469 3567 ctrinae
496 3493 542 3562 de
566 3492 710 3562 actione
736 3490 939 3581 systematis
965 3515 1167 3560 nervorum
1199 3488 1375 3578 afferunt3
1408 3509 1554 3562 tantum
1587 3508 1709 3560 tamen
1742 3491 1857 3574 abest,
1889 3505 1934 3560 ut

329 3627 519 3699 conclusio
550 3628 618 3698 illa
644 3625 690 3695 de
716 3623 949 3695 radicibus
976 3623 1083 3692 nervi
1107 3623 1331 3716 sympathici
1354 3621 1441 3692 inde
1467 3623 1581 3715 petita
1606 3644 1692 3691 vera
1715 3621 1778 3706 sit,
1803 3637 1846 3689 ut
1870 3642 1934 3713 po-

328 3762 402 3832 tins
427 3759 528 3851 justis
553 3760 744 3857 principiis
768 3753 1013 3830 ratiocinandi
1038 3755 1147 3826 valde
1172 3772 1368 3850 repugnet.
1478 3797 1481 3805 -

1026 3886 1059 3976 ὃ.
1107 3893 1234 3958 XCIX,

384 4092 385 4096 ,
479 4028 732 4121 Explicationi
757 4051 860 4100 mere
886 4024 1119 4096 mechanicae
1145 4021 1345 4094 functionis
1369 4022 1606 4119 gangliornm
1629 4023 1804 4095 hactenns
1823 4041 1935 4114 expo·

328 4159 432 4246 sitae,
457 4161 539 4246 alia,
565 4161 767 4251 dynamicis
793 4162 987 4253 praecipue
1012 4156 1252 4250 qualitatibus
1276 4157 1403 4228 innixa
1428 4159 1533 4249 qnasi
1557 4155 1726 4251 opposita
1741 4171 1805 4239 est,
1822 4178 1933 4246 quant

328 4321 418 4392 prae
445 4299 596 4366 caeteris
621 4301 842 4370 Jounsronn
868 4310 906 4363 et
931 4297 1066 4361 Unzna
1093 4287 1154 4377 (cf.
1179 4288 1212 4382 §.
1237 4292 1336 4378 XVI)
1361 4295 1644 4363 constituerunt.
1707 4294 1755 4358 At
1778 4286 1851 4396 jam
1875 4288 1934 4359 bis

329 4432 419 4502 viris
444 4431 583 4525 priores
607 4430 1120 4516 W111-u,Pnrrr,Buucur,
1145 4431 1342 4504 Wrnsnow
1367 4443 1440 4502 etc.
1473 4422 1609 4497 indicia
1633 4421 1734 4493 ¹levia
1760 4418 1933 4514 suppedi-

330 4602 531 4622 m·-

398 4706 427 4778 ι)
462 4702 483 4764 1.
501 4723 524 4766 c.
542 4703 607 4779 Cap.
624 4705 661 4764 11.
680 4704 704 4773 §-
722 4703 800 4767 ΚΝ.
820 4718 880 4781 sqq.
