4590 5858
1762 688 1837 764 ¹¹6
1891 750 1897 756 ,

222 843 473 927 confimavitt
523 837 630 926 ldem
656 834 805 949 quoque
830 854 869 926 in
894 857 986 928 haec
1011 852 1089 946 ejus
1106 855 1218 929 verba
1236 854 1357 925 valet:¹
1379 826 1513 936 „rumor
1526 849 1828 923 ceuebruIeruerco

129 1017 131 1027 ›
221 983 425 1074 sympathico
441 983 610 1080 fulcimen
627 986 767 1073 firmius
790 989 838 1055 ad
866 964 1004 1078 longum
1022 989 1102 1057 iter
1131 964 1371 1076 conficiendam
1403 987 1564 1070 erudere,·
1590 987 1702 1078 hisque
1732 973 1831 1054 timui

221 1117 434 1186 dirmiditutes
457 1122 642 1212 superfluos
668 1139 729 1188 out
755 1122 1019 1190 excrementit'ios
1041 1122 1253 1208 ffunduriff‘
1283 1135 1336 1177 -'-
1366 1125 1425 1194 cui
1451 1102 1605 1215 quidem
1629 1127 1767 1191 crass'ae
1792 1135 1830 1194 et

221 1258 453 1326 mechanicae
480 1259 733 1352 explicationi,
770 1258 933 1352 tempori
965 1256 1118 1353 quidem
1149 1282 1225 1331 suo·
1246 1260 1329 1357 satis
1359 1257 1582 1354 ingeniosae,
1618 1231 1683 1327 rix
1711 1243 1830 1327 hodio

220 1413 445 1484 quemquam
469 1390 535 1483 qui
561 1411 704 1482 annuat,
729 1392 899 1465 futurum
924 1417 1000 1464 esse
1025 1394 1148 1468 credo.

911 1526 953 1618 §0
1003 1533 1129 1602 xcvl.

223 1668 227 1672 ’
273 1698 275 1703 ·
367 1658 661 1751 vmussnns'¹(ci.
677 1656 708 1755 ·§
733 1657 931 1749 tremiti
954 1662 1189 1734 mechanicae
1214 1660 1454 1757 expositioni,
1492 1636 1659 1733 chemioa
1679 1676 1826 1734 tantum

219 1810 432 1883 argumenta
456 1793 632 1864 similiter
651 1793 788 1886 'jejuna'
802 1796 967 1870 addidit*
1004 1795 1196 1868 Nimirum
1222 1818 1315 1889 quae
1339 1793 1387 1865 de
1411 1794 1678 1892 conceptaculis
1701 1776 1826 1889 hospi}

162 1948 164 1953 ’
217 1927 325 1995 tantis
352 1928 502 2020 spiritus
525 1928 703 2012 animalis,
728 1947 766 1998 et
791 1928 839 1999 de
863 1929 1055 2025 particulis
1080 1929 1462 2024 sulphureo-salimes
1482 1929 1632 2024 spiritus
1657 1910 1825 1998 animalia

217 2073 334 2126 totam
349 2081 575 2154 compagem
603 2065 879 2154 penetrantibus
904 2079 947 2132 et
966 2064 1173 2151 laxantibus
1199 2077 1268 2131 eto.
1295 2059 1449 2148 disserit,
1473 2096 1525 2115 -
1550 2060 1716 2135 theoriae
1741 2059 1826 2131 sub·

216 2189 295 2259 oles
321 2189 619 2276 contenderunt,
645 2215 732 2285 quas
758 2193 861 2264 delet
886 2192 976 2265 dies.
1028 2194 1160 2264 Omnia
1186 2172 1282 2278 ferei
1307 2216 1399 2286 quae
1425 2195 1501 2266 cel.
1528 2196 1587 2264 vir
1612 2195 1688 2263 sola
1715 2217 1825 2287 erpa·

216 2324 351 2394 rientia
376 2323 509 2396 ductus
541 2324 640 2395 eruit
664 2324 846 2419 nobisque
877 2328 1050 2423 reliquit,
1080 2326 1321 2422 praestantiae
1351 2328 1500 2424 signum
1531 2343 1634 2399 certo
1650 2310 1754 2418 ⁴pute
1783 2350 1823 2397 ae

215 2454 358 2550 lerunt;
384 2482 477 2552 quae
502 2476 627 2530 autem
652 2459 883 2530 theoremata
906 2460 1093 2549 formavit,
1117 2485 1207 2531 mox
1231 2478 1473 2533 evanuerunt.

369 2592 692 2685 Quemadmodum
716 2609 840 2663 autem
855 2585 908 2665 'hi
933 2594 1006 2665 viri
1030 2595 1285 2691 physiologica
1310 2598 1433 2666 solum
1458 2600 1670 2689 argumenta
1683 2591 1729 2681 ad
1741 2573 1823 2665 rani

215 2723 333 2795 danda
357 2727 587 2798 theoremata
613 2725 661 2798 de
686 2729 920 2822 gaugliorum
947 2752 1017 2799 usu
1041 2728 1310 2815 adhibuerunt,
1333 2729 1387 2800 sic
1412 2755 1433 2800 e
1459 2729 1640 2799 contrario
1664 2733 1822 2800 Ltucrsr

214 2861 352 2930 horum
378 2879 599 2933 structuram
624 2858 677 2929 ita
702 2877 950 2954 comparatam
976 2885 1053 2931 esse
1078 2861 1207 2932 docuit
1233 2860 1454 2949 (cf.§.vl1.)‚
1480 2884 1591 2954 quam
1618 2860 1664 2928 ad
1685 2858 1821 2931 confrr-

213 2993 387 3062 mandam
412 2993 638 3088 singularem
662 3016 765 3063 suam
797 2994 978 3064 theoriam
1009 2992 1183 3064 idoneam
1215 2972 1387 3079 credidit,
1423 3028 1475 3045 -
1497 2991 1710 3088 'pessimum
1725 3013 1820 3098 ⁸satae

213 3125 410 3219 pertinacis
435 3128 492 3196 sui
517 3128 651 3199 amoris
676 3131 835 3224 signum.
884 3134 983 3199 Nam
1008 3129 1099 3200 huic
1119 3128 1202 3197 viro
1223 3129 1428 3199 anatomiae
1446 3127 1670 3222 peritissimo
1689 3151 1819 3199 revera

211 3257 323 3330 fibras
349 3262 570 3331 musculares
601 3237 842 3355 tendineaque
872 3264 1029 3358 gangliis
1061 3262 1292 3330 inhaerentes
1320 3263 1363 3329 in
1393 3279 1630 3353 conspectum
1661 3264 1821 3349 venisset

212 3396 503 3486 quotusquisque
530 3411 594 3477 est,
620 3397 685 3486 qui
710 3396 782 3467 sibi
807 3392 1047 3489 persuadeat?
1108 3396 1196 3462 Huc
1222 3391 1379 3478 accedit,
1412 3392 1513 3486 quod
1539 3397 1724 3462 Gaurano
1748 3395 1819 3461 Pr.-

212 3548 344 3595 rnrom
369 3524 582 3595 Lancisium
606 3524 858 3622 reprehendit,
883 3551 996 3619 quem
1021 3545 1157 3615 nempe
1188 3525 1228 3591 in
1261 3527 1474 3595 anatomicis
1507 3523 1817 3617 descriptionibus

210 3661 325 3753 ipsius
351 3681 463 3752 opera
487 3663 648 3730 maxime
673 3684 784 3729 usum
810 3659 934 3746 fuisse,
958 3647 1111 3753 publice
1137 3673 1314 3726 asseverat
1344 3655 1389 3744 ¹),
1424 3657 1477 3728 ita
1502 3673 1547 3724 ut
1572 3679 1615 3725 eo
1641 3655 1817 3726 incertius

209 3792 287 3878 fiat,
313 3817 357 3864 an
382 3794 528 3865 Lancisi
553 3811 774 3865 structuram
800 3792 1021 3886 descriptam
1040 3793 1119 3886 ipse
1138 3790 1283 3860 viderit.
1334 3791 1517 3884 Quoniam
1530 3814 1619 3860 vero
1637 3787 1816 3860 fabricam

209 3929 336 4022 organi
363 3951 510 4020 prorsus
535 3929 694 4000 alienam
719 3927 791 3998 sibi
816 3924 984 4013 finxerat,
1008 3928 1141 4022 placita
1166 3926 1243 4017 ejus
1270 3922 1519 3998 fundamento¹
1535 3943 1613 3996 tam
1626 3906 1815 3994 vacillanti

210 4060 297 4131 nixa
322 4086 411 4130 mox
436 4062 597 4155 collapsa
620 4062 799 4152 jacebant.
861 4059 1131 4133 Deficientibus
1164 4061 1264 4130 enim
1294 4060 1446 4131 omnino
1473 4058 1575 4132 fibris
1599 4041 1816 4128 musculari·

209 4195 289 4282 bus,
314 4194 461 4290 ganglia
477 4196 624 4288 spiritus
637 4195 810 4264 animales
824 4196 1080 4266 vehementius
1094 4194 1305 4289 propellere
1317 4211 1427 4287 atque
1440 4190 1648 4278 extrudere,
1658 4206 1720 4260 aut
1729 4211 1817 4259 con«

209 4330 396 4401 tractionis
423 4329 461 4398 vi
486 4325 531 4396 ad
556 4328 786 4398 velociorem
805 4352 953 4402 cursum
966 4352 1187 4425 promovere
1201 4351 1275 4400 non
1289 4353 1403 4424 posse,
1416 4327 1522 4400 facile
1536 4343 1591 4398 est
1602 4325 1813 4397 intellectu.

277 4523 306 4593 r)
342 4522 377 4583 6,
393 4483 537 4585 Pernrorr,
554 4517 718 4572 Priflettioni
734 4519 910 4574 anatomicha
927 4517 1002 4574 sulla
1018 4535 1085 4574 nota
1104 4519 1151 4575 del
1172 4523 1200 4583 8.
1219 4522 1252 4580 6.
1268 4523 1360 4577 Maria
1378 4521 1508 4588 Lanuui,
1531 4522 1598 4575 fatte
1619 4535 1698 4592 aoprr
1720 4515 1748 4569 la
1770 4528 1811 4566 tt·

392 4607 461 4660 vole
478 4605 509 4658 di
525 4607 559 4667 Β.
576 4603 737 4665 Eustochio.
772 4606 863 4660 Roma
881 4614 956 4675 ¹74⁰·
1007 4606 1101 4678 Magis
1119 4606 1212 4664 adhuc
1227 4607 1259 4660 in
1279 4605 1330 4676 eju
1358 4605 1403 4664 L·
1419 4619 1480 4662 otto
1497 4596 1604 4660 ttidera
1619 4616 1671 4664 etc.
1689 4593 1813 4656 lel

391 4692 466 4757 ¹74⁶·

1212 4803 1241 4870 Ρ
