4590 5858
561 1349 1079 1474 Explicatio
1135 1319 1495 1442 tabulae.

927 1567 1128 1594 ιιι-*ιιι-

217 1809 418 1966 Rationes,
445 1906 531 1971 quae
555 1887 599 1950 ad
618 1882 861 1969 perficiendam
883 1883 1010 1948 hancce
1029 1887 1180 1948 tabulam
1199 1883 1419 1967 impulerunt,
1442 1887 1594 1952 breviter
1617 1886 1839 1972 explicationi

218 1976 452 2060 praemittere,
494 1975 585 2035 haud
609 1975 759 2036 alienum
790 1972 883 2033 duxi.
909 2005 954 2019 --
1008 1971 1098 2032 Mihi
1128 1971 1277 2052 primum
1303 1971 1544 2048 consideranti,
1575 1976 1839 2058 descriptionem

218 2061 405 2144 quamlibet
419 2061 651 2131 anatomicam,
667 2059 746 2118 licet
758 2056 1010 2129 exactissimam,
1023 2055 1200 2118 deficiente
1223 2057 1274 2120 rei
1287 2057 1391 2137 ipsius
1408 2059 1581 2140 adspectu,
1601 2060 1839 2126 difficillimam

218 2165 294 2209 esse
312 2159 487 2226 perceptu,
512 2161 613 2222 quam
634 2140 780 2203 maxime
802 2140 1029 2202 necessarium
1056 2140 1245 2215 videbatur,
1270 2161 1328 2203 eas
1349 2142 1564 2222 potissimum
1584 2161 1694 2225 partes
1712 2148 1777 2210 hoc
1800 2150 1840 2212 in·

220 2232 388 2313 opusculo
412 2229 609 2308 descriptas,
654 2244 736 2307 quas
759 2245 928 2306 nusquam
950 2224 1128 2305 hucusque
1152 2226 1299 2306 depictas
1322 2226 1508 2304 inveneris,
1542 2230 1758 2294 delineandas
1782 2256 1840 2296 cu·

218 2337 309 2389 rare3
331 2337 397 2395 qua
422 2335 465 2377 ex
488 2332 589 2376 causa
611 2311 857 2374 delineationes
880 2309 1050 2371 interioris
1072 2312 1215 2371 fabricae
1238 2311 1362 2392 ganglii
1388 2312 1509 2375 ciliaris
1532 2316 1588 2392 (F.
1610 2317 1711 2394 HL),
1739 2320 1836 2399 ephe·
1908 2317 1912 2323 ’

217 2400 407 2483 nopalatini
429 2401 480 2474 (F.
509 2399 585 2472 V‚)‚
619 2417 651 2478 g.
679 2396 837 2458 Merkelii
866 2397 923 2474 (F.
946 2395 1045 2473 Vt),
1079 2416 1111 2478 g.
1141 2416 1172 2476 g.
1203 2398 1429 2477 plurimorum
1459 2398 1705 2461 thoracicorum
1735 2406 1839 2467 nervi

218 2483 420 2569 sympathici
442 2503 631 2562 eorumque
651 2503 760 2543 nexus
783 2503 860 2544 cum
873 2480 991 2543 nervis
1014 2480 1200 2561 spinalibus
1222 2484 1273 2555 (F.
1285 2482 1675 2566 V111.),gangtttnervt·
1693 2489 1770 2570 vagi
1794 2504 1836 2552 at.

219 2593 344 2652 quen.
368 2567 672 2652 glossupl'raryngei
700 2569 750 2642 (F.
771 2567 894 2644 vta),
923 2579 956 2629 et
984 2567 1122 2627 tandem
1150 2565 1252 2648 partis
1282 2567 1412 2629 cerebri
1440 2568 1662 2630 abdominalis
1684 2570 1732 2633 sic
1755 2572 1836 2637 dicti

216 2659 269 2731 (F.
292 2657 372 2735 IX.)
395 2690 438 2703 -
461 2670 573 2717 ortum
595 2667 712 2715 nactae
735 2666 822 2715 sunt.
865 2653 925 2714 De
946 2649 1000 2712 his
1021 2649 1126 2732 igitur
1146 2672 1219 2713 non
1241 2667 1299 2725 est,
1325 2653 1420 2733 quod
1441 2673 1611 2716 excusem.
1633 2688 1676 2703 -
1720 2657 1836 2723 Aliter

218 2757 332 2804 autem
355 2761 408 2803 res
432 2761 469 2804 se
497 2741 599 2802 habet
622 2760 698 2800 cum
721 2737 856 2820 ganglio
885 2736 924 2797 in
952 2750 1073 2798 trunco
1095 2736 1183 2818 paris
1215 2737 1324 2817 quinti
1353 2737 1481 2814 obvio,
1507 2740 1600 2820 quod
1624 2742 1840 2813 celeberrimi

217 2843 372 2897 auctores
393 2828 462 2906 jam
487 2825 744 2907 depingendum
768 2836 993 2896 curaverunt,
1013 2820 1103 2884 inter
1125 2843 1210 2902 quos
1233 2821 1446 2903 potissimum
1468 2825 1642 2887 referendi
1663 2842 1761 2901 sunta,
1779 2832 1835 2892 Cl.

217 2914 270 2973 Cl.
292 2913 432 2974 Merkel
454 2929 536 2984 sen,
560 2909 697 2983 Hirsch‚
720 2909 924 2981 Prochaska,
944 2905 1124 2988 Wrisberg
1145 2924 1178 2970 et
1200 2909 1396 2989 Niemeyer.
1440 2909 1599 2995 Quorum
1621 2925 1735 2973 autem
1756 2914 1839 2976 deli·

216 2998 394 3058 creationes
420 3015 497 3055 cum
520 3010 657 3055 naturae
680 2994 801 3055 sedulo
832 3012 1078 3072 compararem,
1114 3013 1193 3054 non.
1217 3014 1260 3054 cx
1293 2993 1391 3054 omni
1418 3008 1509 3074 parte
1539 2995 1619 3057 huic
1647 2995 1839 3064 satisfacere

216 3080 434 3153 videbantur,
458 3078 660 3161 Niemeycri
683 3092 851 3140 caeterum
875 3075 1043 3157 aptissima
1065 3097 1137 3136 non
1160 3091 1314 3158 excepta,
1345 3098 1432 3158 quae
1454 3100 1578 3160 nempe
1601 3081 1776 3144 transitum
1798 3085 1835 3146 il·

217 3167 332 3228 Iorum
361 3166 599 3226 medullarium
628 3164 752 3224 nullibi
781 3163 1006 3242 interruptum
1034 3182 1107 3222 non
1135 3161 1213 3222 satis
1243 3183 1391 3244 congrue
1420 3181 1671 3227 commonstrat.
1717 3168 1838 3254 Quare

216 3250 385 3313 novabis
409 3249 552 3329 adjecta,
582 3270 698 3328 neque
721 3250 874 3309 inutilem
896 3266 1012 3325 neque
1035 3266 1327 3326 supervacaneum
1350 3249 1501 3311 laborem
1523 3271 1619 3313 ame
1640 3266 1837 3333 susceptum

215 3355 306 3408 esse,
324 3354 436 3414 spero.
457 3367 500 3379 -
546 3335 724 3393 Caeterum
748 3332 889 3390 dubium
913 3330 999 3390 mihi
1021 3328 1179 3390 obortum
1203 3346 1264 3410 est,
1288 3353 1329 3392 an
1352 3355 1424 3394 non
1444 3336 1568 3396 melius
1591 3350 1686 3411 esset,
1709 3339 1836 3421 figuras-

216 3421 324 3480 altero
347 3431 439 3476 tanto
461 3415 607 3493 majores
630 3416 777 3486 exibere,
796 3429 834 3474 ut
850 3415 980 3474 facibus
1001 3415 1299 3492 perlustrarentur.
1341 3417 1509 3500 Quodne
1530 3420 1687 3495 facerem,
1706 3422 1836 3502 duplex

215 3502 279 3565 suit
303 3501 404 3562 ratio:
439 3500 566 3580 primo,
599 3518 643 3558 ne
673 3499 802 3557 rabulas
831 3497 989 3577 augendo
1020 3510 1149 3557 sumtus
1179 3501 1285 3576 ipsam
1314 3503 1426 3580 operia
1448 3501 1611 3564 virtutem
1633 3523 1836 3584 superantes·

214 3588 424 3669 impendisse
445 3583 589 3656 viderer,
610 3615 654 3628 -
677 3596 767 3655 tunc,
792 3582 871 3662 quia
892 3583 1032 3663 figuram
1050 3581 1274 3662 mi'croscopi'o
1297 3599 1427 3645 auctam
1448 3604 1521 3646 nou
1541 3606 1676 3667 semper
1692 3593 1835 3655 oculum

215 3676 339 3735 eodem
362 3671 467 3730 modo
492 3668 589 3743 affici,
612 3687 681 3748 quo
704 3667 848 3728 naturali
871 3665 1104 3750 magnitudine
1126 3665 1396 3744 delineataoimo
1420 3669 1513 3732 haud
1534 3691 1608 3732 raro
1632 3671 1835 3740 inerrorcm

212 3757 341 3831 induci,
365 3755 554 3816 arbitrabar.
1060 3783 1063 3788 ’
1370 3811 1376 3819 ,

365 3841 506 3922 Figuras
536 3838 623 3919 ipsas
652 3838 842 3900 secundum
870 3837 1019 3900 eundem
1046 3836 1119 3899 sere
1148 3836 1303 3898 ordinem
1335 3835 1573 3900 describendas
1604 3858 1678 3902 esse
1701 3847 1833 3921 censui,

215 3948 284 4009 quo
308 3945 361 3988 res
389 3927 430 3985 ab
458 3925 498 3985 iis
529 3938 798 4004 repraesentatae
826 3922 925 3985 tertio
953 3921 1054 4001 hujus
1085 3922 1196 4002 operis
1227 3923 1333 4004 capite
1360 3938 1622 4004 pertractantur,
1648 3925 1712 3989 etsi
1736 3927 1832 3995 idem

214 4015 299 4076 ordo
323 4011 364 4075 in·
384 4010 572 4093 sculpendo¹
592 4010 704 4071 tabula
727 4007 827 4091 spatii
845 4028 947 4071 causa·
965 4007 1122 4070 nondum
1145 4007 1190 4070 ait
1211 4011 1422 4073 observatus.

869 4212 1177 4303 Figural.

364 4367 501 4433 Faciem
524 4370 729 4433 anteriorem
747 4368 872 4453 ganglii
896 4373 1030 4435 Gassari
1052 4375 1089 4436 in
1111 4388 1231 4436 trunco
1255 4365 1345 4452 paris
1365 4368 1476 4450 quinti
1490 4385 1679 4432 nervorum
1702 4371 1832 4433 cerebri

214 4452 309 4519 obvii
334 4456 487 4529 exhibet,
519 4470 550 4517 et
580 4455 719 4535 quidem
744 4478 762 4516 e
785 4456 919 4518 sinistro
944 4461 1049 4523 latere
1080 4461 1195 4542 capitis
1226 4455 1291 4520 viri
1320 4457 1426 4516 adulti
1455 4456 1611 4517 desumti.
1639 4456 1832 4534 ·Ganglion

212 4555 281 4604 arte
304 4542 347 4602 ita
371 4544 520 4602 solutum
543 4555 577 4602 et
606 4543 753 4604 laxatum
777 4556 836 4616 est,
860 4559 900 4604 ut
919 4544 975 4604 fila
998 4545 1195 4608 medullaria
1218 4545 1310 4616 alba,
1343 4541 1509 4602 annulum
1539 4539 1713 4603 cinereum
1734 4543 1834 4602 semi·

210 4629 366 4690 lunarem
393 4629 566 4707 plexuose
584 4627 878 4710 transgredienti-a,
914 4629 1039 4692 intacto
1074 4653 1195 4693 eorum
1225 4629 1343 4692 ordine
1370 4640 1406 4690 et
1425 4626 1649 4708 dispositione
1677 4627 1832 4709 conspici

209 4727 346 4794 queant.

188 4851 193 4859 .
296 4818 328 4861 a.
369 4797 529 4860 Truncus
549 4794 652 4862 nervi
675 4793 786 4877 quinti
805 4817 907 4884 supra
927 4800 1090 4886 ganglion
1113 4800 1263 4868 Gasseri.
