4590 5858
456 670 510 782 ,24

460 894 507 944 an
532 892 739 948 mortement
764 873 1014 948 inrolontoire.“
1046 873 1082 970 ¹)
1113 913 1165 932 -
1215 881 1391 951 Attamen
1416 876 1516 951 nihil
1543 901 1637 967 esse,
1662 878 1734 955 nisi
1760 878 2013 977 conjecturam
2039 889 2087 964 ad

459 1014 832 1093 verisimilitudinem
857 1014 1004 1091 iactam.
1032 1033 1104 1090 eto.
1144 1116 1148 1121 η

611 1151 665 1220 cl.
690 1153 915 1224 Paocrrasna
941 1149 988 1223 de
1011 1168 1198 1224 structura
1223 1173 1428 1223 nervorum
1454 1172 1583 1247 agens,
1618 1154 1765 1250 ganglia
1792 1153 1832 1225 in
1857 1179 1995 1255 genere
2021 1186 2084 1258 pe·

455 1283 556 1355 nitus
583 1285 726 1374 omisit3
753 1301 917 1356 attamen
943 1282 990 1355 de
1016 1289 1255 1383 gangliorum
1279 1285 1483 1379 spinolium
1507 1285 1581 1358 situ
1607 1305 1716 1382 atque
1743 1289 1964 1365 formatione
1991 1320 2084 1367 non·-

456 1417 561 1487 unlla
585 1437 728 1490 monet.
788 1416 911 1504 „Clare
941 1435 1121 1486 cernuntur
1148 1417 1258 1510 (Tab.
1282 1424 1346 1491 111.
1371 1423 1397 1488 F
1399 1418 1450 1514 ig.
1475 1423 1503 1488 l.
1528 1420 1620 1497 libri
1646 1421 1726 1514 cit.)
1757 1423 1900 1517 ganglia
1929 1427 2083 1519 singulo-

455 1570 529 1616 rttnt
553 1573 729 1622 turcorum
753 1554 938 1645 spinolium,
965 1555 998 1621 in
1024 1579 1108 1651 quae
1132 1576 1200 1622 non
1225 1571 1367 1646 utroque
1382 1551 1481 1619 tadt‘rr
1499 1553 1647 1622 anterior
1665 1574 1699 1626 et
1711 1561 1888 1658 posterior,
1915 1578 1961 1632 ut
1986 1563 2082 1634 huc·

454 1704 583 1778 nsque
614 1680 816 1756 creditum'
838 1689 954 1786 suit,
989 1672 1182 1778 confluunt,
1217 1690 1278 1758 sed
1296 1688 1370 1757 sola
1391 1688 1556 1781 posterior
1579 1693 1745 1784 ganglion
1771 1711 1902 1782 tranat,
1935 1699 2082 1768 anterior

452 1834 529 1892 vtro
555 1819 590 1891 ei
611 1821 791 1893 insalutato
810 1850 873 1919 per
897 1826 1004 1895 solam
1029 1823 1219 1894 cellnlosatn
1245 1824 1377 1892 αᾱιιοεεα
1402 1823 1686 1916 deprehenditur.“
1715 1833 1757 1922 ²)
1790 1867 1841 1884 —
1892 1830 1995 1905 Hinc
2021 1860 2082 1931 pa·

454 1950 522 2044 tet,
547 1958 674 2030 virum
701 1963 777 2031 Cel.
803 1987 841 2033 se
867 1967 1034 2058 primum
1059 1984 1223 2060 putasse,
1256 1964 1322 2058 qui
1355 1963 1640 2058 proportionem
1674 1963 1843 2036 radicum
1874 1986 2082 2043 nervorum

453 2094 657 2187 spinolium
683 2093 876 2186 detexerit,
903 2103 963 2189 cui
988 2118 1112 2173 tamen
1138 2102 1239 2179 nihil
1262 2096 1385 2185 aliud,
1418 2121 1531 2192 quam
1556 2099 1698 2192 justum
1724 2101 1866 2200 ganglii
1892 2103 2009 2175 situm
2033 2103 2082 2179 in

454 2227 643 2303 homine
670 2229 836 2305 tribuere
862 2259 1068 2337 possumus,
1094 2233 1149 2328 (v.
1176 2242 1306 2320 Haase,
1333 2232 1366 2324 ᾗ,
1393 2232 1526 2329 praec.)

1172 2371 1205 2470 ᾗ.
1255 2375 1356 2444 XIX.

602 2506 676 2577 l’er
699 2503 802 2579 idem
828 2523 975 2604 tempus
1008 2511 1069 2581 111.
1101 2514 1201 2585 Aur.
1228 2512 1372 2579 Sesars
1401 2508 1596 2605 egregium
1621 2533 1733 2581 suum
1758 2531 1851 2607 opus
1874 2507 1921 2582 de
1947 2531 2081 2583 nervo·

449 2646 539 2705 rum
565 2639 723 2734 gangliis
749 2659 787 2712 et
813 2643 998 2737 plexubus
1026 2643 1162 2733 edidit,
1187 2645 1291 2736 cujus
1318 2642 1593 2738 disquisitiones
1627 2662 1750 2715 tantae
1784 2661 1823 2714 et
1851 2644 1942 2716 tales
1974 2660 2081 2732 sunt,

450 2785 499 2838 ut
525 2768 679 2865 quidem
706 2771 751 2845 ab
777 2778 851 2847 hoc
876 2779 964 2850 inde
991 2798 1160 2879 tempore
1185 2804 1322 2852 novam
1349 2797 1461 2874 atque
1488 2781 1638 2854 veritati
1664 2804 1776 2880 quam
1797 2776 1961 2849 maxime
1981 2800 2081 2849 aoce-

454 2884 604 2975 dentem
638 2878 777 2998 aeram,
823 2902 946 3006 quoad
985 2914 1195 2988 doctrinam
1226 2914 1273 2985 de
1306 2916 1544 3013 gangliorum
1576 2931 1829 3003 structura,
1847 2892 1851 2905 ⁸
1870 2911 2080 3008 apparuisse

451 3038 589 3108 merito
621 3038 696 3113 dici
727 3045 859 3138 possit,
898 3073 986 3122 oum
1017 3068 1103 3149 post
1134 3048 1320 3122 Merkelii
1345 3067 1498 3143 'tempus
1532 3053 1651 3122 Haase
1677 3047 1917 3122 solummodo
1943 3049 2080 3119 harum

451 3177 617 3269 partium
642 3177 828 3250 internam
854 3183 1034 3256 fabricam
1058 3186 1219 3282 graviter
1246 3182 1436 3281 adgressus
1459 3182 1584 3269 tuerit,
1610 3186 1672 3253 cui
1694 3202 1818 3253 tamen
1829 3181 1944 3253 utrei
1957 3182 2080 3253 latum

454 3309 642 3383 ambitum
668 3329 744 3382 tam
770 3315 933 3390 sollicite
960 3337 1070 3421 atque
1095 3319 1282 3392 succincte
1309 3317 1565 3416 perlustraret,
1591 3314 1748 3388 minime
1774 3315 1947 3412 contigit,
1965 3339 2080 3411 quam

451 3460 540 3540 post
566 3470 653 3518 eum
678 3442 761 3519 viro
792 3451 853 3522 Ill.
885 3456 1030 3550 Scarpa.
1093 3461 1189 3529 Cum
1222 3473 1349 3525 autem
1383 3454 1508 3524 omnia
1543 3450 1588 3522 ab
1620 3452 1695 3521 hoc
1726 3475 1852 3522 recens
1886 3448 1984 3521 dicta
2015 3451 2080 3523 hio

454 3581 617 3675 allegare
643 3606 882 3678 nequeamus,
909 3613 951 3660 ea
976 3592 1222 3684 potissimum,
1249 3612 1343 3686 quae
1370 3585 1662 3663 adsentantium
1688 3588 1842 3686 proprie
1871 3586 2080 3690 pertinent,

450 3712 655 3812 ‘adjungere
682 3710 804 3792 liceat.
855 3814 859 3821 ¹

600 3847 785 3942 „Ganglia
811 3857 922 3926 omnia
954 3856 989 3928 in
1019 3858 1272 3954 simplicium
1301 3881 1361 3927 seu
1391 3856 1635 3950 spinolium,
1670 3871 1703 3923 et
1737 3853 2090 3957 compositorum&
2215 3828 2263 3899 ’Ὗ

448 4000 514 4053 'sert
544 4007 625 4054 non
656 3986 893 4089 spinolium¹
914 3993 1034 4062 classes
1064 3995 1304 4088 dispartimur.“
1342 3989 1378 4084 3)
1457 3991 1629 4084 „Spinolia
1660 4013 1718 4058 ten
1748 3990 1905 4083 simplicia
1935 3989 2081 4082 ganglia

458 4136 632 4189 externum
655 4122 858 4195 involuerum
884 4153 906 4195 n
931 4128 1016 4196 dora
1039 4132 1204 4227 meninge,
1229 4133 1395 4200 internum
1421 4153 1443 4196 n
1464 4126 1525 4219 pio
1549 4125 1768 4194 sortiantur
1796 4120 1833 4215 ⁴)
1898 4123 2080 4216 „Gandl‘l‘

460 4257 647 4349 conpositis
669 4277 847 4335 arternum
874 4263 1079 4343 macinarum
1106 4265 1230 4362 sufficit
1255 4269 1324 4340 tela
1348 4264 1504 4338 celloloso
1521 4261 1674 4361 partium
1701 4262 1900 4337 viritornm“
1933 4278 2002 4333 etc·
2028 4290 2081 4314 -·

460 4445 662 4466 Μ

594 4558 641 4630 ej.
658 4559 753 4614 Trait6
771 4560 818 4617 des
835 4519 911 4620 neris
928 4580 957 4622 et
973 4564 1008 4622 de
1023 4565 1102 4623 leurs
1120 4568 1265 4627 maledics.
1286 4532 1453 4625 ⁴Lrntanne
1474 4583 1547 4644 ipso,
1583 4560 1672 4639 Clnp.
1687 4562 1738 4622 Vl.
1756 4561 1817 4620 Art.
1836 4576 1879 4617 120·

532 4574 544 4613 1

528 4559 560 4732 2}
593 4661 631 4720 (i.
649 4664 839 4730 Proculam,
856 4665 890 4720 de
908 4683 1049 4725 structura
1069 4688 1234 4728 nervorum.
1269 4670 1457 4731 vindobonae
1478 4690 1551 4745 ¹779·
1570 4687 1632 4742 pag.
1652 4681 1709 4722 120.

526 4763 559 4835 a)

594 4763 628 4820 Δ.
646 4766 782 4830 Sesars,
799 4769 1020 4824 anatomicrrnm
1040 4773 1257 4828 annotationum
1274 4771 1365 4830 Liber
1381 4773 1501 4850 primus,
1545 4771 1588 4821 De
1607 4782 1762 4820 nervorum
1785 4762 1908 4840 gangliis
1931 4772 1960 4815 tt
1979 4756 2083 4832 plexu·

629 4831 692 4893 but.
729 4835 859 4891 Mutinae
879 4854 952 4912 ¹779·
970 4844 996 4907 ς.
1014 4838 1048 4901 11.
1402 4845 1439 4910 4).
1468 4839 1529 4897 Le.
1548 4840 1572 4907 ς.
1593 4835 1638 4894 lll.
