4590 5858
906 890 938 982 5.
989 898 1190 967 LXXXIX.

762 1024 932 1118 Ganglicn
959 1025 1160 1096 thoracicum
1180 1029 1334 1120 primum.

388 1161 621 1261 Ganglion
646 1164 939 1238 thoracicum
964 1166 1182 1260 primum,
1215 1165 1405 1236 dorsale
1430 1184 1660 1259 magnum,
1691 1164 1852 1238 thoraci·

236 1323 366 1372 corum
391 1300 617 1384 maximum,
642 1296 780 1396 ligura,
801 1298 1048 1396 amplitudine
1074 1318 1111 1371 et
1135 1301 1210 1370 situ
1235 1299 1275 1369 in
1301 1297 1452 1369 diversis
1478 1298 1695 1392 corporibus
1719 1299 1851 1370 huma·

152 1487 161 1499 .
234 1436 291 1506 nis
316 1456 496 1530 perquam
520 1433 698 1504 variabile
722 1433 925 1512 invenitur.
977 1441 1078 1530 Quae
1105 1454 1228 1506 autem
1254 1433 1446 1505 diversitas
1471 1456 1491 1502 a
1518 1430 1701 1526 prioribus
1725 1450 1849 1506 anato-

234 1568 344 1640 micis
369 1570 420 1640 ita
432 1566 504 1658 jam
517 1567 700 1638 illustrata
714 1583 770 1638 est
788 1565 838 1658 ¹),
859 1587 902 1640 ut
920 1592 997 1642 non
1010 1572 1069 1656 sit,
1082 1568 1183 1664 quod
1199 1567 1351 1660 addam;
1378 1590 1492 1669 quare
1503 1562 1669 1653 sufficiat,
1688 1582 1849 1638 structu·

235 1726 316 1773 ram
341 1703 482 1800 ganglii
507 1704 547 1772 in
573 1719 697 1774 nostra
722 1684 849 1775 tabula
861 1703 1039 1775 <lennem
1053 1700 1145 1798 (Fig.
1159 1708 1256 1772 Vlll.
1266 1727 1346 1774 nro.
1367 1719 1422 1771 ιο.
1441 1697 1511 1787 ιι.)
1529 1702 1675 1794 exponi.
1706 1698 1849 1772 Eadem

234 1838 377 1908 ratione
388 1836 521 1908 ductus
533 1834 636 1907 idem
651 1859 800 1929 quoque
813 1837 852 1906 in
866 1838 1014 1909 caeteris
1027 1837 1186 1935 gangliis
1201 1837 1395 1907 thoracicis
1414 1835 1641 1930 explicandis
1653 1828 1798 1928 sequar.

382 1973 608 2042 Extremitas
632 1971 802 2063 superior
826 1971 938 2061 hujus
963 1971 1104 2067 ganglii
1129 1995 1216 2042 cum
1240 1970 1391 2068 ganglio
1416 1969 1590 2041 cervicali
1609 1966 1743 2041 infimo
1764 1965 1851 2038 tali·

233 2101 347 2176 modo
374 2103 508 2174 coalita
535 2120 601 2186 est,
625 2120 679 2185 ut,
705 2104 776 2172 nisi
803 2128 916 2176 massa
942 2107 1026 2174 loco
1053 2104 1321 2192 conjunctionis
1352 2107 1437 2198 ipso.
1462 2121 1646 2176 contracta
1672 2120 1710 2172 et
1734 2099 1851 2197 magis

234 2253 423 2331 angustata
447 2233 594 2319 fuisset,
629 2234 828 2329 longitudo
861 2238 971 2310 etiam
1005 2239 1162 2335 ganglii,
1203 2240 1269 2309 tali
1301 2236 1547 2327 disjunctione
1577 2262 1653 2309 non
1678 2235 1850 2322 admissa,

234 2371 358 2442 omnia
381 2371 573 2465 hucusque
600 2368 791 2442 observata
815 2365 938 2466 longe
954 2373 1213 2468 superavisset,
1237 2395 1358 2471 unum
1382 2370 1558 2465 idemque
1584 2369 1762 2465 ganglion
1788 2367 1850 2442 ad·

189 2490 194 2495 ¹
233 2528 312 2577 esse
339 2502 555 2589 credideris,
581 2501 682 2597 quod
708 2521 832 2577 tamen
858 2506 1035 2602 accipere,
1060 2507 1174 2576 simul
1198 2530 1323 2576 ramus
1336 2529 1423 2576 cum
1438 2529 1471 2602 g·
1486 2505 1658 2575 cervicali
1671 2501 1849 2575 inferiore

231 2632 508 2710 communicans
534 2641 736 2730 prohibere
761 2639 924 2712 videtur.
976 2641 1054 2710 Fila
1079 2641 1195 2737 igitur
1218 2639 1443 2711 medullaris
1468 2639 1594 2710 trunci
1619 2638 1727 2708 nervi
1751 2659 1848 2728 sym·

152 2829 158 2835 .
231 2771 371 2866 pathici
396 2773 572 2869 ganglicn
597 2775 780 2846 cervicale
803 2772 980 2845 infimum
1007 2772 1102 2862 (nro.
1116 2771 1156 2864 9)
1182 2791 1417 2870 transgressa,
1447 2774 1678 2868 superiorem
1704 2793 1740 2866 g.
1764 2770 1849 2841 tho·

231 2906 344 2975 racici
367 2904 482 2998 primi
509 2902 593 2994 (ro)
619 2909 890 2981 extremitatem
915 2909 1099 2992 intrantia,
1119 2909 1217 2977 viam
1238 2908 1552 3002 longitudinalem
1570 2907 1766 2979 demissam
1784 2927 1848 2998 pe·

231 3055 312 3109 tere
337 3057 526 3124 conantur,
549 3062 624 3132 qua
650 3041 690 3108 in
715 3066 756 3110 re
783 3059 909 3112 autem
934 3039 1091 3110 filorum
1116 3042 1279 3136 agmine,
1314 3041 1416 3135 quod
1448 3043 1555 3112 nervi
1581 3066 1670 3112 curn
1695 3039 1846 3135 spinuli»

230 3174 299 3245 bus
325 3173 447 3244 nervia
471 3174 785 3244 communicantes
809 3173 1063 3269 suppeditant,
1094 3177 1197 3246 vario
1230 3173 1343 3246 modo
1375 3177 1678 3270 interpellantur.
1752 3180 1845 3249 Sunt

228 3333 364 3403 nempe
389 3307 498 3378 nervi
523 3331 545 3377 e
570 3311 650 3402 pari
676 3291 849 3381 cervicali
875 3309 1007 3400 quinto
1033 3328 1071 3377 et
1096 3323 1202 3378 sexto
1230 3305 1329 3395 (52),
1356 3310 1531 3379 cervicali
1552 3311 1721 3403 septimo
1738 3307 1846 3400 (19),

228 3458 360 3511 octavo
386 3437 489 3530 (20),
522 3439 661 3512 dorsali
694 3445 817 3535 primo
844 3437 925 3529 (aa)
951 3457 992 3509 et
1016 3440 1177 3510 secundo
1204 3439 1265 3526 (rt
1296 3459 1335 3510 et
1363 3438 1444 3528 22),
1482 3443 1550 3534 qni
1581 3444 1654 3514 hoc
1686 3445 1726 3513 in
1758 3469 1843 3516 casu

226 3573 404 3671 ganglion
433 3592 604 3646 nostrum
636 3572 681 3642 ad
713 3573 844 3642 decem
867 3572 1052 3640 linearum
1078 3570 1356 3665 longitudinem
1387 3593 1426 3645 et
1457 3577 1575 3645 trium
1600 3576 1842 3650 latitudinem

227 3723 374 3803 augent.
425 3711 576 3777 Horum
601 3704 668 3779 fila
692 3708 867 3802 ganglion
892 3731 913 3776 a
934 3708 1050 3776 latere
1087 3722 1244 3776 externo
1276 3703 1451 3776 inferiore
1483 3709 1584 3777 varie
1617 3707 1840 3794 incedentia,

225 3838 290 3911 fila
316 3841 424 3911 nervi
448 3842 671 3937 sympathici
704 3867 724 3910 e
756 3842 841 3911 loco
875 3857 1115 3937 promovent,
1152 3840 1273 3934 iisque
1306 3860 1368 3912 aut
1399 3840 1531 3913 intime
1562 3840 1839 3938 conjunguntur

225 3994 289 4048 aut
314 3975 563 4049 decussantur.
615 3981 716 4070 Quae
741 3974 931 4047 immixtis
956 3971 1118 4071 figuram
1143 3975 1249 4047 illam
1275 3975 1383 4047 valde
1395 3976 1662 4071 complicatam,
1676 3973 1740 4073 fig
1753 3981 1837 4047 vm

225 4133 307 4181 nro.
339 4127 382 4176 ιο
410 4134 629 4202 expressam,
655 4107 774 4183 efficit
831 4116 918 4182 Huc
943 4109 1094 4196 accedit,
1117 4128 1161 4180 ut
1184 4110 1333 4181 nervuli
1359 4112 1499 4206 ganglii
1522 4113 1751 4207 superiorem
1776 4134 1838 4181 ex·

226 4241 457 4314 tremitatem
478 4260 655 4315 exeuntes
682 4241 759 4330 (50.
777 4243 868 4333 51),
901 4242 993 4313 dum
1018 4241 1209 4316 fasciculos
1234 4244 1380 4315 diverse
1406 4245 1609 4342 colligunt,
1639 4245 1838 4342 complica·

225 4379 322 4450 tioni
346 4373 504 4448 filorum
529 4379 802 4451 incrementum
828 4378 950 4449 adhuc
971 4371 1114 4446 addant.
1150 4377 1311 4450 Inferior
1328 4380 1468 4475 ganglii
1485 4383 1699 4455 extremitas
1717 4382 1835 4478 magis

295 4630 324 4700 r)
357 4630 395 4688 V.
411 4645 478 4702 prae
495 4629 624 4683 caeteris:
643 4631 811 4687 Naurum
830 4628 852 4690 l.
872 4650 894 4690 c.
912 4632 936 4698 ς,
954 4629 1092 4684 XXXllI.
1108 4647 1171 4704 pag.
1191 4602 1248 4702 ¹57·
1267 4631 1441 4707 (Descriptio
1458 4635 1687 4704 accuratissima)
1707 4656 1741 4672 -
1773 4630 1833 4683 Aa·

409 4730 522 4767 nenscrr
542 4712 561 4772 l.
573 4730 604 4773 ἐ.
621 4719 645 4785 §‚
662 4716 769 4774 Lxrx.
788 4717 829 4786 (v.
845 4715 978 4770 Lunmc
994 4710 1047 4772 lib.
1065 4732 1144 4789 saepe
1161 4716 1207 4774 cit.
1226 4716 1261 4778 Τ,
1279 4719 1315 4777 11.
1332 4737 1394 4795 pag.
1414 4722 1484 4791 184.)
1509 4711 1764 4779 emmanuel
1784 4713 1831 4777 ⁰1¹·

412 4795 447 4855 Τ.
464 4797 515 4854 tv.
533 4800 557 4865 d.
575 4798 751 4860 CCCXXIV.
769 4818 830 4877 pag.
848 4801 908 4868 346.
925 4813 977 4858 ete.

1231 4917 1261 4984 Ο
