4590 5858
366 739 416 822 pt

350 879 459 988 ¹rum
482 894 754 982 medullarium
778 901 802 974 e
826 890 1013 972 radicibus
1037 880 1311 969 resolutionem
1335 908 1376 970 et
1395 893 1593 972 transitum
1604 916 1675 995 per
1687 897 1864 1002 gangliou
1876 897 2005 1000 ipsum

371 1042 499 1120 ubivis
525 1040 699 1114 distincte
724 1054 762 1110 et
786 1054 889 1111 certo
914 1033 1034 1136 gradu
1059 1035 1233 1131 persequi
1259 1034 1479 1131 neutiquam
1503 1032 1668 1109 licuerit.
1731 1038 1802 1110 cui
1827 1064 1918 1113 vero
1947 1043 2006 1116 rei
2136 1084 2144 1104 κ

372 1182 537 1256 incertae
551 1179 718 1251 eolorem
729 1174 854 1248 ubivis
868 1172 948 1246 fere
961 1173 1157 1268 aequalem
1168 1171 1336 1244 multum
1349 1169 1527 1245 adtulisse
1547 1168 1670 1258 credo,
1685 1194 1760 1267 quo
1776 1174 1933 1269 quidem
1944 1173 2005 1268 fit,

374 1333 420 1390 ut
439 1300 638 1407 disjuoctio
662 1314 860 1407 utriusque
887 1309 1108 1383 substantiae
1133 1306 1287 1405 ganglii,
1312 1325 1350 1380 et
1374 1306 1560 1403 imprimis
1573 1307 1808 1381 secundariae
1823 1311 2007 1408 pulposae

373 1473 512 1528 massae
537 1447 702 1543 perlecta
727 1446 926 1543 indagatio,
950 1448 1014 1515 rix
1032 1440 1120 1514 lieri
1141 1444 1264 1538 possit
1288 1479 1342 1498 ·-
1378 1449 1610 1553 structuram
1628 1441 1726 1514 hano
1747 1442 1856 1517 valde
1874 1445 2006 1519 obseu-

346 1608 351 1619 ·
375 1611 470 1674 ram,
496 1600 675 1680 quantum
701 1605 771 1675 pro
786 1598 883 1653 statu
899 1581 958 1654 rei
975 1579 1056 1666 fere
1073 1578 1190 1654 dubio
1209 1576 1298 1651 fieri
1317 1579 1456 1676 potuit,
1481 1576 1603 1682 figura
1616 1581 1673 1651 111
1684 1577 1847 1670 tabulae,
1857 1581 2004 1678 Limg.

341 1715 639 1796 '‘delineandam
665 1716 802 1789 curari.
1406 1704 1409 1711 ’

664 1887 669 1893 -
1063 1850 1098 1943 t
1155 1857 1321 1925 vam.

387 2016 391 2023 ·
531 1990 722 2064 Idunum
748 2004 923 2086 superest,
953 2006 998 2060 ut
1028 1986 1162 2061 radiois
1193 1968 1329 2062 tertiae
1355 1986 1499 2064 ibidem
1530 1986 1698 2085 depietae
1724 1983 1787 2077 (f.)
1817 1987 2006 2062 rationem

338 2094 341 2098 ⁵
379 2127 623 2207 reddam-
672 2131 754 2204 Jam
779 2142 977 2220 antequam
1002 2131 1140 2197 Bouron
1166 2149 1260 2218 opus
1285 2125 1521 2220 praeclarum
1538 2122 1587 2195 de
1605 2148 1722 2198 nervo
1741 2124 1873 2220 quinto
1894 2120 2007 2220 legia·

337 2270 341 2280 '
379 2285 473 2354 sem,
496 2266 634 2357 hyeme
658 2263 840 2334 nimirum
866 2262 1062 2356 superiori,
1088 2259 1263 2355 gaugliou
1288 2262 1419 2333 ciliare
1445 2260 1588 2332 iteratis
1614 2259 1758 2333 vitibus
1783 2260 2007 2332 acouratiori

379 2399 545 2475 examini
571 2396 782 2489 subjiciens,
806 2399 1055 2468 maceratione
1079 2395 1199 2489 probe
1221 2412 1373 2490 peraeta
1397 2395 1601 2467 nervulum
1626 2394 1842 2483 observavi,
1857 2393 1925 2490 qui
1948 2418 2008 2468 ra·

230 2608 237 2624 ,
334 2544 340 2561 ’
379 2533 456 2608 dici
479 2534 590 2607 brevi
614 2556 636 2605 e
662 2532 777 2605 tertio
802 2510 883 2627 pari
909 2531 1114 2628 productae
1140 2527 1303 2602 firmiter
1328 2523 1803 2628 adglutiuams,·,tam'diu
1828 2529 1920 2602 huie
1944 2529 2008 2603 ad·

337 2663 342 2699 ¹
377 2669 568 2754 haerebat,
583 2696 587 2703 ¹
604 2690 723 2760 usque
749 2663 841 2736 dum
866 2667 942 2737 tela
968 2667 1149 2738 cellulosa
1177 2683 1400 2737 connectens
1427 2657 1529 2735 inter
1552 2663 2009 2755 macerandumaolvere·

299 2841 302 2844 ·
378 2818 456 2878 tur·
508 2806 609 2874 Tum
635 2798 761 2871 autern
787 2823 934 2896 semper
959 2825 980 2873 a
1004 2801 1113 2875 brevi
1137 2799 1264 2871 radice
1288 2795 1493 2888 sejunctus,
1524 2800 1676 2898 ganglio
1706 2800 1903 2897 separatim
1935 2800 2010 2874 im.

378 2939 513 3014 missus
540 2953 605 3022 est,
631 2937 683 3006 ita
706 2932 872 3030 quidem,
898 2936 1081 3008 utillum
1107 2935 1246 3021 locum,
1272 2956 1387 3028 quem
1413 2931 1519 3004 radix
1540 2935 1665 3007 brevis
1684 2937 1763 3030 ipsa
1782 2936 2008 3037 ingreditur,

331 3070 618 3170 '‘²praeteriens,
643 3070 796 3167 longam
822 3068 984 3142 radicem
1010 3057 1135 3166 potius
1161 3069 1279 3157 adeat,
1303 3090 1466 3162 eamque
1490 3068 1556 3138 illa
1581 3069 1623 3139 in
1644 3072 1796 3168 ganglio
1813 3072 1897 3169 ipso
1920 3095 2007 3146 eou-

335 3202 584 3282 '‘'nexionem
610 3200 752 3275 efficiat.
804 3204 912 3275 Tune
928 3208 1115 3298 'temporis
1141 3207 1342 3278 uerrulum
1365 3204 1472 3273 =hunt
1494 3198 1607 3273 filum
1632 3206 1739 3275 tertii
1765 3208 1863 3299 peris
1886 3206 2007 3302 quod·

330 3359 336 3379 ³
379 3330 470 3406 dam
494 3338 660 3404 seorsum
685 3332 889 3429 procedens
913 3323 1041 3410 habui,
1085 3339 1263 3409 'Perleoto
1290 3359 1382 3409 vero
1404 3330 1542 3409 Bocutt
1566 3338 1843 3434 opereuullus'
1859 3340 2008 3437 dubito,

339 3458 342 3469 ’
379 3465 455 3541 hoo
478 3464 592 3540 iilum
614 3491 796 3540 nerveum
821 3471 1057 3570 sympathioo
1080 3496 1199 3545 nervo
1224 3447 1440 3546 adscribere.
1491 3471 1547 3543 cl.
1566 3477 1672 3546 Boou
1696 3477 1797 3549 euim
1815 3479 2006 3574 triplicem

336 3605 341 3615 '
380 3626 461 3677 esse
483 3604 786 3696 'conjunctionem
811 3609 952 3706 gauglii
983 3607 1120 3681 tilietis
1151 3633 1239 3681 oum
1270 3629 1389 3679 nervo
1416 3607 1668 3702 sympathioo,
1698 3634 1828 3706 aperte
1851 3611 2006 3690 demon·

332 3746 337 3759 “
378 3754 470 3812 strat
499 3736 549 3829 ¹).
606 3741 735 3812 Primo
760 3732 899 3838 nempe
921 3740 1035 3816 filum
1060 3743 1249 3839 quoddam
1274 3739 1324 3813 de
1349 3743 1539 3839 gaugliolo
1565 3742 1673 3813 nervi
1699 3750 1924 3844 sympathioi
1941 3772 2005 3835 joa.

326 3899 334 3925 ·
377 3869 500 3945 rotidi·
520 3869 690 3945 firmiter·
699 3875 895 3967 adjacente
920 3877 1142 3962 (coroticum
1168 3903 1189 3952 a
1215 3878 1272 3952 Cl.
1297 3883 1402 3949 Boot<
1427 3875 1587 3968 dictum)
1611 3882 1738 3954 exieras
1759 3882 1873 3974 vidit,
1899 3883 2004 3981 quod

327 4023 334 4033 '
377 4006 546 4083 radicem
557 4011 718 4116 *longam
745 4032 873 4080 versus
897 4010 1062 4100 tendens,
1086 4000 1177 4086 lruio
1202 4011 1387 4084 adnexum
1413 4014 1590 4108 gaugliou
1615 4014 1909 4092 efflareiintmt·
1938 4024 2004 4093 Se·

327 4156 348 4177 ··
379 4143 545 4216 eundum
570 4142 759 4219 filom'ex
782 4142 916 4218 eodem
940 4150 1132 4246 gaugliolo
1157 4136 1319 4222 cerot‘ioo
1343 4146 1555 4242 procedens,
1580 4148 1919 4227 nervum-sextum
1937 4178 2003 4252 pe·

328 4292 338 4299 “
378 4293 463 4350 tens
486 4279 705 4368 observarit,
730 4305 894 4376 quocum
921 4284 1167 4381 peraliquod
1191 4287 1353 4380 spatium
1378 4284 1487 4357 idem
1515 4286 1590 4357 iter
1620 4286 1759 4360 faciem
1787 4291 1891 4362 huno
1921 4308 2003 4364 tan·

330 4407 349 4449 ’·
380 4410 469 4486 dem
490 4410 654 4501 deserit,
690 4434 729 4490 et
751 4418 889 4515 mgtrlo
920 4414 1092 4492 inferiori
1123 4419 1323 4528 posteriori
1357 4423 1498 4519 ganglii
1527 4423 1665 4496 oiliaria
1692 4446 1773 4498 sese
1803 4426 2004 4504 immiscet·

379 4522 555 4624 Tertium
587 4528 699 4622 filum
730 4574 753 4621 e
772 4552 980 4650 ‘gangliolo
1015 4555 1177 4626 carotioo
1209 4578 1379 4645 enatum,
1412 4576 1572 4633 nervum
1602 4540 1762 4634 oculum
1789 4562 2003 4640 motorium

375 4685 504 4760 adiens
529 4684 682 4772 invenit,
710 4685 811 4779 quod
832 4706 918 4762 cum
936 4688 1011 4763 hoo
1030 4689 1155 4768 eidem
1175 4667 1329 4790 vaginae
1348 4694 1545 4790 inclusum,
1563 4699 1745 4800 ganglion
1765 4699 1896 4775 oiliare
1916 4725 2004 4773 ver·

442 4879 511 4956 ¹)1·
529 4898 633 4958 tpag.
652 4881 785 4957 130167.
897 4914 928 4973 ι...
