4590 5858
426 816 528 870 nem
553 784 736 863 cerebri
761 795 806 849 et
831 773 1064 849 medullae
1089 776 1285 874 spinalis
1309 780 1356 853 in
1381 807 1547 861 nervos
1572 788 1690 883 ipsis
1709 813 1941 870 connexos

428 929 699 1003 diminuunt
726 931 771 984 et
795 911 1079 1007 infringunt,
1104 916 1195 986 imo
1219 915 1303 987 sub
1328 922 1470 992 certis
1493 923 1850 1000 conditionibus
1874 954 1942 1024 pe·

427 1063 557 1134 nitus
582 1050 811 1122 inhibent.
873 1045 1042 1117 Eodem
1074 1048 1209 1121 modo
1241 1053 1600 1142 sensatioribus,
1639 1081 1752 1151 quae
1785 1064 1942 1135 nervis

429 1187 619 1262 affectis
644 1178 993 1277 producuntur,
1027 1179 1080 1250 ad
1105 1184 1347 1256 cerebrum
1373 1204 1419 1257 et
1441 1188 1688 1260 medullam
1714 1196 1944 1289 spinalem

427 1315 762 1420 propagandis,
793 1336 968 1385 moram
998 1314 1321 1410 interponunt.
1385 1326 1477 1415 Qua
1514 1321 1613 1417 ipsa
1650 1328 1941 1422 gangliorum

428 1459 604 1529 virtute
628 1465 825 1542 systema
850 1470 1105 1518 nervorum
1138 1453 1455 1546 vegetativum
1485 1455 1537 1526 ab
1569 1457 1662 1529 illo
1692 1483 1943 1535 nervorum

430 1586 702 1664 animalium
728 1579 920 1676 quadarn
944 1582 1124 1656 ratione
1150 1606 1403 1681 separatur.

387 1792 391 1796 ,
479 1729 573 1799 Sunt
597 1737 742 1804 autem,
767 1737 874 1810 quae,
897 1730 943 1784 ut
966 1715 1057 1787 huic
1080 1723 1284 1793 sententiae
1308 1719 1496 1794 faveamus
1519 1721 1713 1815 suadeant,
1745 1732 1944 1827 praecipua

327 1869 445 1941 haec:

434 1990 471 2082 t)
498 1998 619 2064 Omne
644 2006 833 2072 ceum,
857 1984 948 2057 licet
972 1983 1161 2057 inferioris
1185 1986 1345 2077 ordinis,
1368 1989 1603 2084 propriarum
1628 1993 1768 2066 virium
1792 2020 1945 2071 suanam

327 2108 451 2218 tenax,
476 2146 702 2209 neutrorum,
727 2144 820 2216 quae
848 2143 933 2190 cum
959 2119 1030 2189 illo
1056 2117 1222 2208 ejusdem
1239 2122 1392 2209 tenoris,
1412 2140 1475 2192 aut
1485 2105 1685 2218 superioris
1696 2127 1837 2202 ordinis
1849 2151 1946 2221 sunt,

329 2251 601 2342 adlectionibus
626 2256 898 2347 momentisque
922 2253 1072 2340 resistit,
1095 2253 1311 2349 horumque
1329 2251 1561 2328 efficientiam
1576 2257 1829 2333 diminuit—
1853 2268 1947 2336 Gan·

328 2405 406 2504 glia
430 2418 556 2473 autem
582 2414 707 2466 centra
732 2411 937 2460 nervorum
961 2388 1007 2458 iis
1031 2411 1285 2460 connexorum
1316 2390 1580 2463 consideranda
1611 2418 1706 2482 esse,
1734 2421 1783 2466 ex
1812 2423 1945 2471 eorum

330 2542 416 2624 situ,
439 2536 570 2620 forma,
595 2547 783 2603 structura
809 2540 888 2612 etc,
914 2546 960 2592 eo
984 2545 1145 2616 quoque,
1181 2522 1291 2618 qnod*
1308 2525 1464 2596 materia
1488 2551 1622 2598 nervea
1647 2517 1694 2600 iis
1722 2531 1853 2621 majori
1886 2555 1947 2606 co-

328 2674 402 2769 pia,
427 2692 540 2763 quam
566 2665 686 2735 cuivis
710 2683 914 2732 nervorum
940 2657 1219 2730 cohaerentium
1245 2675 1456 2729 coacervata
1480 2659 1539 2744 sit,
1564 2678 1640 2732 tam
1656 2664 1868 2736 luculenter
1885 2692 1946 2761 pa·

329 2825 398 2893 tet,
423 2823 466 2876 ut
490 2800 665 2899 pluribus
691 2795 813 2867 verbis
837 2791 878 2863 id
903 2793 1025 2887 ipsum
1052 2788 1314 2875 demonstrare,
1338 2789 1463 2861 taedio
1487 2810 1587 2864 certe
1616 2793 1729 2870 foret.
1790 2802 1947 2896 Ganglia

308 2940 444 3042 ⁴primi
470 2957 506 3008 et
532 2933 685 3008 secundi
713 2929 871 3015 ordinis,
908 2951 1002 3022 quae
1026 2924 1068 2996 id
1092 2926 1216 2995 minus
1240 2940 1620 3031 aperte'monstrant,
1655 2954 1743 3005 cum
1766 2952 1946 3008 nontam

332 3075 491 3170 copiosis
516 3070 691 3165 plexibus
714 3062 888 3137 uniendis
913 3061 1033 3132 dicata
1057 3061 1133 3130 sint
1158 3079 1269 3151 quam
1294 3056 1364 3127 ille
1388 3058 1492 3128 tertii
1517 3059 1673 3154 ordinis,
1706 3053 1811 3139 certo
1835 3071 1945 3141 nnius

331 3209 463 3278 saltem
488 3204 613 3273 trunci
640 3199 826 3292 fasciculis
849 3193 996 3265 nerveia
1027 3191 1132 3287 quasi
1165 3208 1289 3262 centra
1318 3187 1394 3262 lixa
1424 3213 1612 3285 praesunt.
1685 3202 1794 3271 Hanc
1824 3219 1947 3275 tamen

333 3337 454 3408 centri
480 3330 664 3402 rationem
690 3325 923 3434 dynamicam
950 3316 1229 3415 [centricitatem
1254 3321 1352 3417 apud
1377 3325 1591 3396 clwma
1608 3321 1659 3420 ¹)]
1685 3330 1828 3404 solam
1854 3336 1945 3408 huic

333 3467 483 3544 effectui
509 3490 584 3536 non
609 3458 775 3551 sufficere
800 3456 922 3544 credo,
948 3482 1034 3530 cum
1061 3455 1242 3528 talimodo
1268 3457 1325 3528 vis
1349 3478 1461 3550 atque
1480 3477 1713 3534 momentum
1732 3471 1848 3538 centri
1871 3495 1947 3561 ma.

332 3608 422 3700 ioris
449 3595 625 3694 (cerebri)
652 3595 698 3668 ad
724 3595 868 3667 minora
894 3611 1021 3663 centra
1047 3589 1230 3689 (ganglia),
1250 3593 1322 3665 sub
1339 3610 1438 3666 certa
1455 3591 1671 3668 conditione
1683 3598 1829 3692 penitus
1847 3605 1944 3677 sub.

331 3743 500 3824 latum,
524 3731 705 3830 explicari
728 3745 900 3823 nequeat.

1051 3853 1087 3954 §-
1139 3865 1231 3935 nv.

437 4003 480 4097 2)
503 4002 724 4075 Functiones
748 4018 972 4092 organorum
991 3997 1116 4065 nervis
1134 3995 1342 4084 systematis
1363 3996 1563 4093 vegetativi
1581 3997 1843 4072 instructorum
1862 4027 1947 4098 per.

337 4138 482 4223 durant,
507 4124 765 4215 franctionibus
787 4133 994 4223 systematis
1018 4130 1205 4202 cerebrini
1231 4146 1272 4199 et
1295 4128 1487 4203 medullae
1508 4133 1658 4226 spinalis
1681 4134 1756 4227 jam
1779 4135 1946 4210 infractis

338 4288 404 4343 aut
429 4269 507 4339 fere
521 4274 696 4375 sublatis.

486 4406 655 4473 Durante
679 4402 898 4497 apoplexiae
922 4424 1147 4495 paroxysmo
1172 4395 1383 4469 functiones
1407 4399 1615 4488 systematis
1638 4424 1838 4475 nervorum
1871 4407 1947 4477 ani·

338 4541 511 4624 melium,
535 4559 672 4622 sensus,
695 4554 821 4608 motus
846 4554 935 4625 etc,
959 4534 1061 4607 haud
1085 4559 1169 4609 raro
1193 4535 1344 4628 penitus
1368 4531 1559 4606 absumtae
1581 4557 1678 4627 aunt,
1697 4536 1789 4610 dum
1813 4560 1949 4636 organa

338 4672 542 4697 -----

409 4683 752 4803 mmmmm
