4590 5858
1142 834 1178 932 s.
1228 843 1309 914 mr
1759 921 1796 949 „

570 1000 738 1071 Truncus
762 984 871 1059 nervi
896 975 1109 1078 trigemini,
1146 996 1346 1075 postquem
1376 993 1532 1075 pontem
1566 998 1735 1082 egressus
1754 997 1851 1070 eet,
1879 981 2064 1079 primurn.

422 1132 616 1220 rotundus,
640 1144 768 1225 postea
792 1141 919 1195 autern
944 1117 1061 1216 magis
1088 1117 1279 1215 magisque
1305 1116 1347 1185 in
1371 1113 1612 1188 latitudinem
1627 1150 1630 1158 ¹
1643 1134 1835 1212 expansus·
1852 1147 1964 1218 supra
1987 1146 2052 1193 an.

423 1274 565 1378 guium·
584 1265 817 1364 superiorem
839 1257 932 1332 ossis
957 1254 1099 1351 petrosi
1124 1247 1375 1351 progreditur.
1427 1250 1504 1322 Ubi
1528 1251 1643 1322 illum
1668 1256 1906 1344 transcendit,
1922 1256 1973 1331 ed
1991 1284 2055 1330 su·-

424 1405 620 1511 perficiem
645 1389 1127 1496 sirperiorenr‚,anteriorem
1152 1388 1240 1469 ossis
1265 1388 1409 1483 petrosi
1433 1388 1612 1484 perlatus,
1640 1386 1808 1467 foramen
1830 1392 1950 1467 durae
1968 1419 2065 1477 mn,

427 1548 491 1624 tris
514 1537 619 1617 illud
642 1551 797 1614 ovetum
822 1526 1052 1628 ingreditur,
1091 1523 1244 1622 vaginae
1275 1523 1505 1619 principium
1538 1521 1714 1627 efficiens,
1752 1552 1861 1625 quae,
1881 1556 1904 1602 ρ
1921 1529 2052 1615 ¹(litenis

427 1681 557 1759 metris
583 1671 733 1747 leminis
760 1668 921 1752 duobus,
962 1679 1027 1734 eut
1061 1659 1186 1755 potius
1211 1659 1352 1732 lamina
1379 1657 1582 1759 duplicate
1598 1664 1794 1765 replicata,
1831 1669 2065 1764 compositu

427 1838 604 1895 truncum
629 1807 736 1881 nervi
763 1802 957 1902 trigemini
983 1822 1029 1872 eo
1054 1819 1170 1890 usque
1195 1794 1366 1882 includit,
1393 1794 1511 1870 donec
1536 1799 1578 1870 in
1605 1802 1750 1901 genglii·
1768 1807 1933 1900 speciem
1956 1805 2053 1875 intu-

430 1970 578 2029 mescat.
629 1953 661 2018 E
689 1941 831 2014 duabus
858 1933 1093 2032 portionibus
1119 1955 1257 2005 nervus
1284 1932 1478 2007 manifeste
1497 1953 1651 2025 constat,
1672 1940 1858 2013 anteriore
1871 1940 2056 2010 nimirum

433 2086 629 2184 majoreet
647 2076 856 2175 posteriore
871 2073 1028 2142 minore.
1085 2069 1415 2159 (Posterioretn
1440 2088 1567 2142 autem
1591 2073 1805 2167 portionem
1830 2077 2059 2147 minorem

433 2249 511 2302 esse
538 2212 781 2294 contendenti
806 2209 904 2280 mihi
929 2206 1064 2280 addere
1088 2208 1216 2279 liceat:
1241 2204 1283 2277 id
1308 2205 1356 2279 de
1375 2207 1450 2286 ille,
1464 2205 1593 2287 trunci
1611 2229 1717 2303 parte
1736 2236 1758 2284 a
1775 2236 1836 2284 me
1856 2211 1942 2302 dici,
1961 2234 2063 2308 quse

432 2365 507 2460 jam
533 2355 688 2456 ganglio
709 2348 831 2420 vicine
856 2362 929 2432 est,
960 2344 1029 2426 ubi
1054 2344 1180 2421 minor
1204 2343 1351 2439 portio,
1383 2343 1500 2422 nervo
1526 2368 1547 2415 e
1575 2363 1693 2442 ponte
1716 2365 1876 2420 exeunte
1902 2349 2063 2421 omnino

411 2496 598 2574 anterior
616 2492 701 2575 site,
726 2506 827 2557 nunc
853 2499 979 2576 aperte
1006 2480 1253 2576 posteriorem
1277 2478 1374 2575 petit
1399 2476 1560 2570 faciem.)
1611 2483 1910 2559 Hisce-,truncus
1927 2482 2063 2582 vrgina-

436 2631 631 2708 nonclusus
664 2648 714 2694 ex
750 2643 884 2717 magna
921 2615 1080 2688 filorum·
1116 2615 1341 2691 coalitorum
1377 2615 1623 2694 multitudine
1660 2623 1919 2710 constituitur,
1943 2640 2073 2716 ··qnne·

439 2785 574 2844 nutem·
599 2760 668 2833 fila
698 2780 774 2826 non
806 2755 846 2825 in
878 2753 1010 2848 quovis
1044 2777 1201 2848 corpore
1234 2753 1398 2825 eundem
1431 2776 1580 2847 semper
1608 2779 1813 2828 nnmerum
1844 2733 2095 2853 sequunturt'

440 2871 627 3000 Equidem
652 2917 740 2966 cunr
766 2888 911 2987 strepitu
935 2913 1137 2961 num-erum
1162 2891 1264 2962 huno
1289 2887 1492 2987 diligenter
1517 2888 1758 2984 inspicerem,
1782 2893 1824 2964 in
1855 2893 1993 2967 adultis
2019 2890 2066 2965 'et

440 3043 537 3136 pista
560 3034 682 3107 forma
707 3025 884 3124 perfectis
907 3021 1113 3121 (imprimis
1137 3024 1322 3116 masculis)
1354 3023 1598 3120 corporibus,
1628 3028 1856 3101 anteriorem
1886 3029 2068 3121 majorem

443 3176 658 3276 portionem
691 3191 739 3239 ex
772 3180 885 3257 'ta-‚-
901 3174 954 3247 go
983 3158 1064 3233 filis
1098 3185 1323 3251 consuram,
1375 3158 1624 3259 posteriorem
1661 3183 1787 3237 nutem
1823 3165 2022 3237 minorem·
2045 3186 2072 3236 e

447 3329 496 3380 ιο
508 3341 560 3360 --
574 3320 622 3372 22
644 3299 725 3391 filis
753 3313 967 3371 concretam
989 3297 1127 3371 inveni.
1178 3298 1219 3370 si
1245 3314 1372 3370 autem
1391 3296 1529 3367 diversi
1548 3316 1715 3372 suctores
1734 3324 1936 3371 nurnertun
1952 3301 2071 3395 illum

447 3440 679 3526 definientes,
704 3433 894 3507 diversum
919 3431 1162 3529 indagationis
1187 3432 1355 3506 fructum
1380 3434 1636 3528 protulerunt,
1656 3436 1710 3506 ite
1732 3452 1776 3507 ut
1801 3459 1821 3507 a
1846 3450 1895 3525 50
1921 3433 1968 3508 ad
1999 3453 2075 3509 too

448 3575 642 3655 fasciculos
669 3567 897 3654 invenerint,
914 3568 991 3639 boc
1018 3592 1064 3640 eo
1088 3568 1231 3642 factum
1256 3595 1334 3642 esse
1355 3594 1500 3658 censeo,
1519 3571 1622 3666 quod
1641 3572 1779 3669 singuli
1799 3569 1967 3646 fasciculi
1987 3573 2072 3669 plu·

450 3717 553 3792 ribus
577 3710 654 3786 filis
678 3706 766 3806 piae
788 3704 915 3778 metris
940 3728 1012 3800 ope
1039 3704 1246 3799 conjunctis
1272 3725 1455 3794 constant,
1477 3728 1640 3803 quorum
1665 3724 1789 3780 autern
1813 3709 1977 3803 penitior
1998 3706 2075 3780 dis-

453 3851 596 3948 iunctio
623 3845 717 3918 iacta
742 3842 923 3916 tractione
949 3842 1075 3937 eliqua
1098 3862 1163 3916 aut
1187 3844 1348 3915 sectione
1374 3841 1558 3915 facillima
1575 3840 1635 3913 fit.
1681 3847 1803 3938 Quare
1819 3843 1850 3917 si
1872 3841 2078 3920 artificiosa

456 3990 591 4088 agitur,
614 4001 792 4055 numerus
818 3976 943 4066 valde,
966 3996 1003 4048 et
1022 3977 1110 4064 sere,
1136 3997 1326 4073 utcunque
1345 3978 1505 4049 libuerit
1525 3976 1650 4077 augeri
1674 3996 1813 4076 potest3
1838 3980 2082 4068 econtrario,-

459 4125 576 4193 sires
600 4117 725 4192 obiter
749 4134 958 4210 tamquam,
989 4114 1068 4187 sine
1094 4116 1256 4211 partium
1281 4114 1541 4202 distractione,
1566 4132 1755 4204 undatur,
1781 4148 1832 4171 -
1862 4116 1987 4186 minor
2009 4139 2082 4187 nn·

462 4280 587 4330 merus
612 4252 819 4350 colligitur.
895 4259 939 4323 In
971 4251 1132 4325 foetibus
1168 4270 1233 4324 eut
1264 4276 1390 4323 recens
1423 4254 1517 4323 natis
1545 4275 1633 4321 vero
1657 4274 1805 4348 semper
1830 4250 1929 4326 adest
1954 4252 2085 4325 minor

464 4388 727 4466 fasciculorum
748 4412 937 4475 numerus,
963 4388 1004 4458 in
1029 4388 1168 4483 quibus
1198 4399 1369 4476 18-30
1396 4389 1518 4458 solum
1545 4387 1806 4482 reperiuntur3
1829 4406 1947 4462 aetate
1967 4389 2087 4490 igitur

458 4520 730 4635 progrediente
754 4523 892 4622 singuli
919 4523 1085 4628 fasciculi
1110 4551 1133 4602 a
1156 4550 1194 4601 se
1219 4525 1384 4601 invicem
1415 4527 1620 4610 aocmatius
1651 4523 1830 4618 separari,
1860 4527 1976 4625 magis
1995 4548 2085 4625 xirin·

465 4634 596 4766 gisque
622 4657 805 4755 compleri
829 4656 1016 4734 videntur.
1089 4703 1094 4711 ·
