4590 5858
444 717 496 802 98

446 884 534 962 Hoc
559 871 727 976 quidem,
752 864 841 942 cum'
863 862 1013 969 ganglio
1039 862 1181 940 Gesseri
1208 880 1246 939 et
1271 862 1529 965 ophthalmico
1556 866 1726 942 suscrrlos
1748 864 1905 961 deierat,
1931 894 2073 948 memo·

449 1034 537 1094 ratu
562 1012 646 1087 satis
673 1007 829 1107 dignum
854 1004 966 1079 foret.
1030 1008 1126 1076 Cum
1151 1003 1343 1077 autemid
1374 1004 1499 1102 ipsum
1531 1004 1732 1102 inspicere,
1769 1007 1867 1078 mihi
1898 1010 2075 1084 hactenus

450 1149 554 1232 haud
579 1144 742 1231 licuerit,
768 1141 872 1213 illius
898 1137 1075 1212 fabricam
1100 1139 1302 1236 praeterire
1329 1163 1455 1240 cogor.
1525 1144 1699 1212 Attamen
1730 1143 1888 1237 reliquis
1914 1145 2074 1243 gangliis

453 1285 678 1362 arteriarum
705 1276 840 1349 tunicis
866 1292 965 1348 arcte
992 1275 1294 1349 accumbentibus
1320 1273 1420 1348 illud
1445 1275 1686 1350 simillimum
1710 1274 1809 1366 iore,
1836 1302 1882 1350 ex
1907 1281 2076 1378 analogia

413 1405 416 1411 ¹
454 1406 677 1498 concludere
702 1409 805 1487 haud
829 1410 995 1487 alienum
1020 1411 1106 1486 erit.

1128 1539 1160 1636 §.
1215 1545 1404 1621 LXXXII.

992 1675 1162 1773 Ganglr‘on
1192 1677 1542 1774 spiens-poietinum.

606 1821 693 1896 Hoc
705 1807 868 1914 'quidem
886 1839 907 1889 a
922 1821 1093 1890 Mecum.
1113 1841 1188 1890 sen.
1207 1815 1395 1891 detectum
1412 1837 1451 1891 et
1467 1817 1595 1914 primo
1607 1813 1833 1912 descriptum
1845 1814 2023 1916 ganglion
2040 1811 2076 1906 ¹)

455 1954 616 2033 ”cundo
641 1979 746 2028 ramo
771 1953 879 2026 nervi
904 1950 1097 2055 trigemini
1121 1949 1173 2022 ita
1204 1949 1397 2044 adhaeret,
1427 1972 1473 2027 ut
1504 1955 1660 2025 omnino
1689 1951 1790 2024 illud
1821 1977 1841 2022 a
1871 1977 1933 2023 me
1965 1969 2079 2042 syste-

456 2096 551 2169 mati
575 2088 786 2188 ve'ge'tatiro
808 2086 939 2174 tribui,
962 2088 1104 2158 mirum
1128 2082 1253 2156 rideri
1276 2088 1406 2183 possit.
1454 2087 1621 2184 Ideoque
1645 2087 1773 2184 magis,
1798 2110 1864 2158 cur
1882 2089 1956 2162 hoc
1974 2110 1995 2158 a
2014 2108 2080 2159 mo

456 2225 599 2303 iactum
625 2226 684 2312 eit,
706 2220 933 2296 luculentius
958 2222 1023 2296 hic
1049 2243 1246 2314 exponere,
1270 2245 1400 2295 meum
1425 2248 1505 2297 esse
1530 2242 1636 2319 puto.

397 2451 401 2454 .
609 2365 719 2432 Facta
743 2356 926 2431 nimirum
952 2353 1082 2426 crebra
1107 2355 1366 2450 exploratione
1384 2357 1496 2450 hujus
1515 2361 1669 2458 ganglii,
1686 2357 1786 2433 illud
1803 2359 1945 2455 saepius
1967 2357 2078 2452 plane

450 2494 587 2589 ¹abesse
612 2491 673 2584 (ci
696 2495 778 2591 rig.
801 2487 892 2581 lta),
917 2505 983 2561 aut
1005 2488 1140 2561 saltem
1166 2488 1370 2588 admodum
1395 2509 1510 2566 tenue
1534 2520 1622 2585 esse,
1647 2495 1697 2585 id,
1723 2493 1826 2592 quod
1848 2493 1981 2587 inclyti
1998 2516 2081 2566 ana·
2185 2494 2189 2505 ⁴

451 2628 592 2721 ,tomici
616 2626 700 2720 jam!
711 2626 799 2700 satis
821 2626 1027 2698 docuerunt
1044 2617 1091 2712 ²),
1109 2622 1393 2699 admirationem
1413 2653 1535 2703 meam
1553 2654 1778 2728 magnopere
1797 2629 1928 2702 movit.
1965 2633 2082 2699 Nam·

460 2785 537 2860 que
561 2785 649 2835 cum
672 2761 948 2856 intelligerem,
979 2774 1157 2830 truncum
1180 2783 1361 2835 nervenm
1385 2788 1564 2863 magnum
1590 2781 1709 2862 parte,
1733 2787 1828 2860 quae
1853 2762 2007 2835 omnino
2032 2760 2081 2833 ad
2150 2755 2152 2759 ’

452 2919 543 2975 tem
568 2898 766 2992 pertineat,
789 2894 903 2993 plane
927 2891 1148 2967 destitutum
1174 2919 1352 2970 essenon
1376 2923 1493 2993 posse,
1520 2900 1560 2972 in
1580 2923 1662 2971 eam
1675 2899 1941 2997 cogitationem
1952 2895 2083 2984 incidi,

448 3030 562 3107 ‚illud
572 3035 750 3134 gangliou
760 3031 896 3119 forsan,
913 3030 945 3103 si
956 3030 1063 3120 adsit,
1076 3030 1234 3105 minime
1245 3049 1382 3106 trunco
1394 3034 1502 3106 nervi
1516 3035 1721 3107 maxillaris
1734 3034 1933 3130 superioris
1947 3029 2082 3104 adscri-

450 3164 628 3255 bendum
653 3193 749 3257 esse,
776 3200 830 3222 -
867 3166 960 3239 iicet
983 3191 1115 3267 omnes
1140 3168 1341 3242 anatomici
1365 3193 1443 3242 uno
1468 3195 1535 3244 ore
1560 3194 1581 3242 a
1603 3195 1666 3242 me
1691 3167 1920 3254 dissentiant,
1958 3185 1994 3240 et
2018 3165 2081 3237 Ill.

457 3304 622 3385 menri,
647 3299 936 3371 accuratissimus
963 3303 1051 3374 alias
1075 3317 1275 3391 scrutator,
1300 3301 1515 3377 contendat:
1540 3321 1676 3387 „ramos
1699 3300 1793 3368 nervi
1814 3298 2001 3366 maxillaris
2024 3320 2084 3367 su-

446 3429 596 3528 ,perioris
622 3429 673 3506 rel
692 3427 878 3523 sejunctos,
902 3428 953 3503 rel
981 3431 1122 3503 coalitos
1153 3432 1267 3503 attolli
1295 3435 1330 3503 in
1358 3434 1528 3530 ganglion
1558 3433 1929 3531 sphaenopaiatinum‚
1962 3457 1986 3502 a
2017 3456 2084 3527 quo

445 3567 625 3664 prodeant
649 3566 783 3638 nescies
805 3564 987 3664 superiores
1011 3567 1100 3641 rami
1121 3570 1315 3658 anteriores,
1338 3587 1371 3642 et
1390 3572 1612 3665 posteriores,
1647 3572 1801 3642 Vidimus
1825 3591 1944 3644 nervus
1966 3584 2000 3640 et
2014 3591 2083 3664 po-

446 3700 609 3778 .Iarr'nus“
637 3697 685 3798 ³).
715 3741 769 3762 -

611 3841 805 3938 Siquidem
831 3843 933 3915 enim
956 3841 1135 3942 genglion
1157 3842 1230 3915 illo
1251 3841 1337 3914 loco
1365 3859 1510 3921 tantum
1531 3844 1644 3916 statui
1664 3846 1792 3943 possit,
1809 3869 1885 3940 quo
1906 3840 2080 3933 secunda·

441 3978 516 4062 ..tia
541 3977 745 4052 substantia
769 3978 885 4070 simul
906 4001 994 4049 cum
1015 3977 1192 4073 primaria
1216 3975 1422 4049 medullari
1452 3975 1572 4065 adest,
1602 3977 1712 4052 facile
1742 3980 1901 4077 repetita
1927 3979 2081 4050 investi·

448 4112 609 4208 ¹gestione
632 4113 729 4186 mihi
754 4111 928 4208 persuasi,
950 4110 1129 4207 ganglion
1153 4112 1235 4208 ipso
1258 4129 1398 4209 puncto
1423 4110 1548 4182 solum
1572 4135 1785 4208 congressus
1807 4113 1913 4184 nervi
1935 4109 2081 4184 Vidiani

459 4268 550 4329 sum
572 4272 689 4321 nervo
716 4244 1052 4344 ephano-palatino
1084 4245 1188 4321 oriri.
1262 4253 1403 4319 Verum
1428 4243 1499 4316 illa
1531 4262 1677 4321 tantum
1708 4270 1810 4344 pars,
1841 4270 1913 4342 qua
1943 4247 2079 4317 haecce

404 4463 406 4467 y
444 4376 672 4472 ⁴conjunctio
699 4383 929 4479 producitur,
952 4400 1000 4457 et
1016 4382 1194 4478 proxime
1215 4379 1382 4476 adjacens
1407 4379 1631 4478 triangulare
1645 4383 1818 4481 spatium,
1835 4379 2079 4481 substantiam

422 4515 666 4650 ’Ἥ
684 4572 741 4628 ΧΠ
758 4570 847 4644 ¹²uis·
865 4594 911 4651 ον
930 4576 1051 4645 Nous
2032 4594 2036 4607 ¹

524 4662 558 4734 2)
593 4662 827 4722 assumens,
843 4659 878 4715 de
895 4681 971 4735 corp.
988 4662 1071 4717 hum.
1087 4657 1202 4721 fabrica
1217 4657 1254 4721 Τ.
1270 4657 1324 4720 IV.
1339 4658 1365 4728 f.
1382 4657 1537 4720 oemx,
1554 4675 1691 4738 pamm,
1722 4616 2079 4730 remurmurans·
2186 4684 2192 4691 ·

645 4761 716 4804 rom.
734 4742 817 4802 Libr.
835 4745 872 4802 11.
887 4764 916 4816 p
933 4749 977 4815 67.
1009 4747 1248 4810 mennatum,
1265 4745 1416 4802 Anrsomie
1431 4761 1487 4808 eto,
1501 4745 1559 4809 Th,
1572 4757 1600 4814 4.
1614 4749 1642 4817 Ι.
1658 4765 1738 4841 5007,
1728 4768 1784 4833 ,7,
1773 4751 1884 4825 367

523 4829 557 4904 3)
587 4825 931 4929 le.1.ibr,1,cip,11.
949 4827 1227 4902 emnem,
