4590 5858
335 695 384 785 56

334 900 427 962 ram,
450 870 596 948 eodem
612 875 741 975 grado,
768 899 858 974 qao·
870 877 979 950 uerri
1007 875 1172 950 aliorum
1193 892 1442 968 systematum
1459 873 1543 972 ipsi,
1561 876 1746 953 recedat...
1760 877 1968 983 Dispositio

337 1030 465 1090 autem
482 1011 646 1095 litorum
662 1015 779 1110 longe
797 1010 944 1084 diversa
963 1019 1119 1110 apparet
1139 1012 1184 1083 ab
1207 1011 1306 1083 illa
1296 1039 1336 1083 ιιι
1352 1015 1497 1085 nervis
1494 1015 1707 1109 conspicua,
1729 1037 1823 1109 quae
1843 1031 1969 1093 ιιιιιιιι

336 1147 551 1236 diuersitas,
576 1174 682 1221 cum·
689 1152 730 1220 in
756 1147 983 1248 phirimis„
963 1151 1119 1249 vangliis
1145 1172 1222 1220 ιιοιι
1249 1145 1378 1226 eadem
1404 1150 1473 1238 sit,
1495 1149 1739 1261 insequente
1765 1152 1885 1248 capite
1908 1149 1968 1225 ιιι-

337 1284 413 1353 sius
437 1282 657 1380 exponenda
683 1284 769 1357 erit.

363 1440 380 1457 '·
487 1421 688 1493 Materiam
713 1442 810 1520 gang
787 1421 963 1494 σιιιιτιιιιι
976 1416 1227 1492 medullarem
1244 1419 1446 1496 medullae
1450 1421 1863 1517 nervosumaequrdem
1879 1445 1966 1513 esse,

335 1556 529 1649 sequentia
555 1573 858 1628 commonstrant.
941 1552 972 1644 ι)
1010 1556 1215 1629 Continuus
1240 1556 1415 1633 transitus
1442 1559 1688 1656 singulorum:
1698 1548 1863 1649 filorum
1887 1583 1965 1654 mc·

337 1686 545 1760 dullarium
582 1716 606 1761 a
645 1691 776 1785 quovis
811 1690 929 1763 nervo
961 1716 1055 1762 cum
1093 1692 1244 1788 ganglio
1264 1692 1508 1768 Ιιιιιιιιιειιιιιιιι
1541 1693 1582 1768 ιιι
1616 1693 1688 1781 ιιορ
1718 1691 1864 1786 ipsum,
1897 1695 1964 1789 qui

336 1844 505 1899 accurato
532 1827 672 1898 intuitu
697 1843 736 1896 et
763 1827 936 1923 diligenti
964 1825 1218 1924 disquisitione
1245 1843 1322 1908 tam
1347 1829 1576 1909 ntauiiestus,
1589 1844 1764 1924 apparet,
1796 1842 1847 1901 nt
1864 1826 1965 1898 nihil
2011 1818 2016 1830 '

335 1963 490 2034 omnino
513 1960 622 2033 dubii
648 1962 718 2032 hac
750 1960 796 2032 de
822 1988 862 2032 re
896 1988 972 2035 esse
998 1965 1116 2058 possit
1148 1960 1194 2052 Ι).
1270 1965 1315 2032 In
1341 1964 1429 2038 solis
1455 1964 1616 2063 gangliis
1639 1961 1814 2053 coplimis
1833 1979 1879 2033 et
1902 1960 1963 2055 his

334 2093 506 2191 proxime
531 2099 706 2169 connexis
732 2098 823 2168 haec
849 2098 1014 2202 cognitio
1045 2095 1266 2174 difficillima
1292 2095 1349 2172 fit.
1429 2098 1465 2186 ι)
1491 2106 1655 2170 Externa
1680 2093 1821 2194 figura,
1840 2097 1897 2169 sic
1923 2113 1963 2168 et

330 2233 457 2319 color,
482 2232 593 2326 plane
619 2228 753 2305 eodem
777 2231 893 2304 niodo
927 2235 1218 2329 conspiciuntur,
1296 2228 1338 2320 ὅ)
1368 2234 1477 2307 Ratio
1519 2235 1685 2325 chemica
1725 2233 1766 2306 in
1801 2248 1963 2326 utraque

331 2351 534 2439 substantia
561 2366 689 2440 eadem
718 2391 793 2438 esse
818 2368 993 2464 videtum
1016 2394 1107 2440 oum
1131 2392 1268 2462 nempe
1295 2391 1435 2439 massae
1453 2369 1690 2467 gmrgliorum
1710 2367 1963 2462 aliquantulae

329 2502 556 2575 solutionem
581 2503 660 2575 hali
686 2504 837 2575 caustici
863 2498 1122 2594 affimdissem,
1159 2528 1250 2576 mox
1284 2500 1478 2581 filamenta
1511 2503 1596 2576 alba
1630 2503 1854 2579 medullaris
1879 2525 1961 2574 eva·

330 2655 503 2724 puerant,
525 2638 630 2734 quod
653 2637 790 2711 eodem
815 2639 940 2728 modo,
961 2658 1005 2713 ,et
1028 2638 1185 2736 quidem
1210 2637 1327 2710 simili
1356 2632 1510 2726 osseum„
1537 2638 1585 2710 de
1612 2664 1727 2711 massa
1755 2662 1959 2717 nervorum

329 2770 470 2847 iactum
497 2791 562 2848 est.
612 2782 730 2847 Porro
752 2772 950 2848 aoidorum
975 2773 1219 2848 mineralium
1245 2795 1394 2843 accessu
1418 2792 1577 2870 utraque
1596 2772 1819 2846 medullaris
1843 2789 1959 2859 mate·

327 2910 395 3001 ata,
419 2910 460 2982 in
481 2912 642 3012 gangliis
669 2912 809 3009 pariter
835 2936 877 2983 ac
902 2912 943 2983 in
969 2907 1093 2982 nervis
1115 2909 1224 2995 veris,
1249 2904 1466 2998 indurescit,
1492 2908 1738 2986 condensatur
1760 2925 1833 2982 etc.
1853 2925 1926 2985 etc.

1033 3048 1064 3129 ι.
1115 3049 1246 3117 ΧΙΝΙ.

476 3187 559 3260 Fila
583 3184 826 3271 medullaris,
853 3182 946 3255 dum
971 3181 1122 3278 ganglia
1152 3181 1312 3268 intrant,
1343 3181 1472 3254 statim
1503 3183 1712 3266 nestrilema
1745 3179 1958 3274 deponunt,

325 3317 432 3415 quod
457 3320 497 3390 in
523 3323 612 3410 illis,
639 3347 733 3420 quae
758 3319 975 3392 membrana
1002 3315 1153 3410 propria
1179 3319 1360 3390 instructa
1392 3334 1497 3410 sunt,
1528 3341 1615 3388 cum
1647 3318 1716 3387 hac
1746 3313 1955 3394 arctissime

330 3457 515 3531 cohaeret.
559 3491 613 3510 -·
690 3459 862 3531 Ambitus
894 3473 1020 3529 autem
1051 3449 1228 3541 filorum,
1267 3454 1294 3527 i.
1324 3478 1359 3524 e.
1393 3474 1526 3523 eorum
1556 3470 1709 3523 externa
1736 3446 1955 3521 terminatio

327 3591 472 3663 ratione
505 3592 669 3688 partium
693 3592 1052 3684 circumjacentium,
1086 3589 1132 3660 ab
1166 3590 1238 3661 illo
1271 3587 1431 3660 filorum
1460 3586 1501 3657 in
1533 3586 1673 3657 mancis
1705 3584 1850 3655 nerveis
1883 3579 1954 3659 dih.

259 3730 263 3738 '
328 3723 427 3796 ferre
459 3724 623 3800 videtur.
699 3733 743 3799 In
777 3731 985 3824 plerisque,
1027 3723 1266 3820 potissimum
1299 3725 1404 3797 tertii
1436 3718 1576 3793 ordinis
1608 3717 1782 3816 gangliis,
1815 3738 1953 3819 nempe

327 3861 552 3955 neutiquam
571 3880 649 3933 tam
671 3859 848 3936 distincte
873 3887 986 3956 quam
1010 3861 1053 3931 in
1077 3862 1201 3935 neritis
1227 3862 1317 3958 ipsis
1328 3855 1609 3949 circumscripta
1623 3872 1726 3946 stmt3
1754 3869 1953 3926 externum

328 4016 463 4065 massae
490 4006 648 4068 stratum
672 3998 853 4066 nimirum
879 3995 1011 4081 laxius,
1038 4013 1076 4064 et
1101 3996 1228 4091 aliquo
1256 3995 1369 4068 modo
1397 3991 1619 4064 dissolutum
1645 4005 1807 4082 apparet,
1833 3989 1886 4059 ita
1905 4005 1952 4061 nt

329 4130 510 4202 connexio
537 4157 623 4204 cum
647 4133 814 4230 partibus
840 4130 1090 4224 adjacentibus
1117 4129 1236 4223 major
1270 4152 1380 4228 atque
1407 4125 1559 4206 firmior
1586 4121 1738 4211 evadat·
1773 4147 1866 4235 ‘1¹10⁴
1884 4122 1953 4214 fit,

332 4300 533 4323 Μ

400 4403 430 4475 ι)
463 4402 641 4477 fflomiror,
667 4414 745 4486 quod
769 4412 871 4468 Bicbat
894 4412 1035 4467 affirmare
1056 4414 1195 4479 voluerit,
1221 4414 1361 4468 internam
1386 4431 1458 4489 gang
1443 4412 1569 4467 otiorum
1594 4408 1728 4481 fabricam
1751 4404 1951 4463 nullomodo

484 4514 488 4525 ·
514 4448 717 4548 filameniosam
736 4515 877 4571 apparare,
901 4499 1007 4574 quippo
1032 4519 1103 4573 quae
1127 4500 1222 4572 potius
1248 4499 1346 4553 ubivis
1371 4500 1427 4553 sibi
1452 4494 1602 4552 simillima
1624 4494 1660 4546 sit
1684 4476 1776 4562 (anas
1794 4510 1857 4587 gap
1874 4488 1917 4552 Τ.
1926 4492 1950 4553 1.

512 4573 590 4632 Edit·
607 4589 694 4650 germ
715 4600 775 4655 pag.
790 4584 869 4654 ²99)
905 4581 1010 4638 Nihilo
1029 4585 1118 4639 secius
1136 4585 1193 4655 jam
1212 4585 1273 4638 sina
1293 4583 1354 4636 ulla
1371 4583 1560 4637 maceratione
1575 4579 1623 4632 fila
1643 4570 1843 4630 medullata
1836 4595 1865 4627 m
1886 4574 1949 4647 plu-

514 4659 601 4713 timi·
619 4664 752 4735 gangtus,
770 4685 792 4723 ο
810 4684 836 4739 g
854 4669 885 4720 ιιι
903 4669 1064 4723 cervtcahb
1059 4688 1090 4722 ιι
1108 4691 1136 4728 n
1155 4669 1327 4742 sympathici
1346 4686 1470 4741 cassopim
1488 4682 1613 4741 posthunc
1643 4664 1672 4717 si
1692 4677 1716 4714 ιι
1723 4661 1895 4737 teganglion
1914 4661 1950 4714 ad

515 4740 688 4799 diametrum
714 4760 850 4801 trsrnsver
854 4770 896 4802 rm
921 4752 1081 4817 dividitur,
1109 4767 1212 4825 putcta
1234 4750 1313 4817 alba,
1338 4754 1436 4807 teretia
1458 4752 1625 4829 prominent
1652 4744 1784 4820 (filorum
1809 4734 1953 4801 ιιιιιιιιιιιιεΙ

513 4828 594 4884 tiam
611 4827 757 4911 vestigia),
775 4831 816 4898 id,
834 4833 944 4906 qnod
933 4853 992 4905 ιιιιι
1008 4838 1099 4891 Harsa
1115 4852 1210 4892 notat.
1229 4838 1307 4912 (Le.
1316 4840 1350 4906 ..ι
1370 4838 1464 4909 vltt)
