4590 5858
457 665 528 740 104

452 837 617 911 miscent.
680 840 899 928 Numquam
925 834 1022 907 mihi
1047 833 1175 920 licuit,
1201 833 1349 907 suboles
1376 836 1487 927 hujus
1512 838 1618 910 nervi
1643 838 1732 910 alias
1759 847 1882 933 pertes
1906 862 2073 938 petentes

455 977 668 1063 observare3
694 995 839 1064 semper
865 970 942 1042 fere
968 969 1149 1042 indivisus
1175 968 1220 1040 ad
1246 973 1424 1068 ganglion
1449 998 1566 1066 usque
1588 974 1718 1061 fertur,
1745 974 1937 1050 interdum
1950 982 2074 1054 nihilo

458 1113 576 1181 secius
603 1110 714 1201 paulo
741 1124 826 1174 ante
851 1107 1029 1203 ganglion
1056 1107 1095 1176 in
1120 1104 1214 1175 duos
1241 1122 1363 1176 tresve
1388 1131 1510 1179 ramos
1543 1106 1752 1195 diducitur,
1789 1138 1863 1185 una
1896 1114 2076 1209 ganglion

454 1247 576 1339 ipsum
601 1241 812 1312 subeuntes.
862 1249 909 1312 At
933 1240 1060 1309 tunice
1085 1240 1223 1336 ganglii
1250 1241 1408 1333 propria,
1435 1266 1528 1334 quae
1554 1242 1596 1310 in
1621 1269 1780 1316 nerium
1799 1249 2076 1318 communican-

454 1395 535 1447 tem
560 1376 693 1472 pergit‚
718 1374 871 1460 sublate,
895 1373 1057 1444 fasciculi
1083 1372 1210 1463 hujus,
1236 1375 1362 1443 tunica
1387 1393 1493 1446 antea
1527 1379 1808 1471 comprehensi,
1839 1379 2075 1452 divelluntur

459 1526 499 1580 et
524 1508 731 1596 discedunt,
757 1508 797 1578 id
822 1509 923 1602 quod
950 1512 991 1580 in
1016 1508 1188 1579 omnibus
1215 1504 1295 1576 iere
1323 1531 1342 1576 a
1368 1532 1430 1580 me
1458 1508 1650 1583 delineatis
1677 1531 1774 1600 erte,
1805 1538 1920 1607 quam
1953 1538 2076 1599 neces·

454 1646 540 1715 sitas
566 1646 755 1738 imposuit,
781 1642 920 1730 lectum
948 1662 1010 1716 est·
1035 1639 1108 1694 -'
1138 1642 1218 1714 Fila
1241 1641 1357 1736 igitur
1384 1645 1608 1718 medullaria
1634 1648 1741 1718 nervi
1768 1648 2076 1749 communicantis

456 1779 750 1874 unumquodque
777 1779 952 1876 genglion
978 1802 998 1847 n
1025 1779 1143 1848 latere
1170 1779 1221 1850 ita
1245 1776 1395 1865 intrant,
1417 1798 1460 1850 ut
1485 1781 1626 1874 partim
1642 1803 1729 1853 cum
1741 1780 1818 1856 filis
1832 1785 1954 1856 trunci
1968 1782 2076 1855 nervi

383 1904 388 1914 ⁸
453 1917 679 2009 sympathici
705 1914 965 2001 decussentm3
990 1913 1092 2006 quod
1120 1931 1245 1984 tamen
1269 1913 1455 1985 rarissime
1480 1916 1521 1984 in
1548 1918 1686 2011 angulo
1712 1935 1816 1988 recto
1832 1921 1969 2003 evenit,
1989 1942 2077 1990 cum

340 2142 343 2147 Α
456 2065 542 2141 post
566 2049 772 2146 ingressum
798 2049 920 2120 statim
945 2049 1022 2119 sive
1049 2047 1096 2120 ad
1127 2047 1303 2118 dextrum
1334 2047 1430 2121 latus
1461 2049 1541 2120 sive
1575 2049 1622 2122 ad
1651 2049 1844 2123 sinistrum
1875 2049 2076 2123 deflectere

455 2183 609 2255 soleant·

1101 2316 1132 2407 ᾗ.
1184 2324 1421 2392 LXXXVIII.

609 2454 761 2526 Tertii
786 2452 962 2526 ordinis
990 2451 1076 2524 file
1103 2454 1380 2527 medullaris
1407 2452 1687 2549 principalia
1714 2454 1914 2548 cujuslibet
1938 2456 2080 2554 genglii

459 2587 639 2658 thoracici
665 2612 707 2657 ea
734 2589 920 2682 appellere
947 2589 1081 2683 placet,
1108 2613 1201 2682 quae
1228 2617 1276 2660 ex
1301 2591 1379 2660 illis
1406 2591 1521 2683 primi
1547 2607 1586 2660 et
1611 2591 1766 2661 secundi
1801 2591 1942 2664 ordinis
1976 2590 2079 2660 vario

459 2720 573 2790 modo
601 2740 893 2816 componuntur,
920 2741 957 2793 et
982 2740 1108 2817 postea
1133 2725 1310 2795 nervulos
1336 2725 1504 2819 proprios
1531 2724 1792 2795 constituentia
1818 2727 1993 2822 ganglion
2017 2749 2082 2796 ex·
2114 2699 2116 2702 ‚

459 2873 561 2942 eunt,
586 2875 627 2928 et
651 2877 771 2952 partes
797 2860 933 2931 vicinas
959 2857 1093 2953 legunt
1107 2857 1154 2948 (ν.
1168 2865 1207 2933 F.
1220 2865 1316 2931 VIII.
1330 2884 1412 2931 nro.
1429 2872 1487 2946 5ο.
1503 2870 1565 2944 51.
1581 2862 1671 2949 55).
1691 2893 1741 2909 -
1766 2859 1846 2931 Fila
1870 2858 1983 2951 hujus
2007 2877 2082 2930 ter·

459 2993 505 3064 tii
529 2994 671 3067 ordinis
696 2995 832 3068 seriem
856 2995 1091 3090 singulorum
1117 2997 1157 3066 in
1183 2995 1341 3090 gengliis
1367 3019 1480 3088 quarn
1505 2994 1668 3066 maxime
1701 2994 1898 3089 implicant
1927 3012 1965 3067 et
1996 3017 2083 3066 con·

459 3123 642 3220 fundunt3
667 3156 801 3204 verum
826 3131 937 3202 etiam
962 3128 1030 3199 issa
1048 3131 1205 3226 ganglia
1230 3130 1433 3215 thoracica,
1459 3151 1553 3221 quae
1581 3128 1733 3198 nullum
1759 3153 1919 3202 nervum
1944 3129 2083 3216 edunt,

462 3283 535 3352 qua
560 3268 787 3355 aperiuntur,
813 3270 957 3339 interne
982 3265 1067 3333 satis
1093 3264 1245 3336 confuse
1274 3279 1484 3333 constructa
1509 3277 1703 3354 apparent,
1736 3259 1838 3352 quod
1868 3287 1913 3331 eo
1940 3262 2003 3349 fit,
2037 3279 2084 3346 ut

462 3391 530 3467 lile
555 3400 662 3470 nervi
687 3399 992 3473 communicantis
1016 3422 1093 3468 non
1118 3416 1220 3470 rectu
1251 3415 1290 3467 et
1322 3414 1525 3469 transversa
1556 3394 1634 3480 via,
1666 3392 1732 3465 sed
1765 3396 1885 3488 potius
1919 3394 1966 3465 ad
1997 3397 2084 3468 sini·

401 3497 405 3503 Ι
461 3548 581 3604 strum
608 3553 646 3606 et
671 3535 846 3609 dextrum
872 3536 970 3606 latus
996 3530 1200 3630 vergentia,
1226 3533 1403 3628 ganglion
1429 3547 1640 3626 penetrent.
1665 3562 1718 3582 -··
1761 3533 1959 3603 Caeterum
1984 3530 2085 3602 inter

458 3661 529 3738 fila
562 3668 798 3744 diversorum
831 3668 1010 3744 ordinum
1042 3668 1189 3737 nullam
1208 3667 1378 3739 omnino
1411 3661 1681 3750 differentiam,
1727 3663 1852 3757 quoad
1890 3665 2084 3751 habitum,

462 3796 632 3895 formam,
656 3804 952 3904 magnitudinem
978 3822 1048 3876 etc.
1073 3800 1319 3900 deprehendi.
1367 3801 1439 3872 Illa
1463 3801 1560 3895 ipse,
1587 3822 1682 3891 quae
1708 3797 1755 3869 ad
1780 3797 2086 3881 constituendum

345 3906 349 3913 Ἴ
462 3957 621 4012 nervum
646 3943 930 4037 splrnchnicum
955 3966 977 4012 e
1003 3957 1119 4025 sexto,
1143 3938 1304 4031 septimo
1330 3954 1370 4006 et
1394 3955 1524 4008 octavo
1549 3934 1702 4030 ganglio
1734 3934 1919 4049 tlroracico
1952 3927 2086 4021 (inter-

465 4067 557 4145 durn
583 4077 698 4151 etiarn
722 4103 745 4150 e
770 4102 871 4149 nono
896 4076 980 4164 etc.)
1007 4090 1194 4170 coguntur
1219 4068 1309 4165 (rig.
1335 4073 1432 4140 vttt.
1456 4094 1539 4142 nro.
1570 4066 1627 4140 16.
1657 4086 1714 4162 17.
1744 4081 1800 4154 183
1827 4082 1888 4156 55.
1916 4074 1976 4153 54.
1997 4063 2088 4159 55),

466 4215 663 4284 ecaneris
687 4240 765 4286 non
790 4213 933 4287 diuersa
958 4210 1091 4305 reperi,
1116 4208 1205 4280 licet
1229 4229 1367 4277 nervus
1380 4229 1442 4276 -ex
1472 4206 1518 4277 iis
1551 4204 1731 4278 conflatus
1764 4204 1806 4276 in
1834 4203 1951 4280 uliam
1981 4219 2088 4276 natu·

466 4361 549 4413 ram
573 4364 747 4425 vertatur,
1915 4416 1918 4421 .

618 4485 718 4554 Talis
743 4483 880 4560 fabrice
904 4483 1079 4559 omnibus
1103 4480 1261 4578 gangliis
1284 4479 1479 4553 morisim
1510 4478 1551 4551 in
1580 4501 1720 4576 genere
1748 4476 1970 4576 comperio,
2004 4473 2089 4549 Sin·

464 4618 647 4716 gulomm
672 4638 795 4691 eutem
824 4645 848 4693 s
878 4647 916 4695 se
946 4624 1108 4692 invicem
1138 4615 1329 4690 diversitas
1361 4614 1505 4715 figurae
1534 4631 1709 4693 externae
1739 4609 2000 4715 (increpantia,
2032 4607 2090 4685 di·

466 4753 853 4854 verse'megnitudine
879 4773 950 4829 etc.
975 4756 1212 4850 potissimum
1236 4753 1414 4852 gignitur·
1440 4782 1496 4807 ··-
1595 4816 1598 4821 ⁴
