<?xml version="1.0" encoding="UTF-8"?>
<!DOCTYPE html PUBLIC "-//W3C//DTD XHTML 1.0 Transitional//EN"
    "http://www.w3.org/TR/xhtml1/DTD/xhtml1-transitional.dtd">
<html xmlns="http://www.w3.org/1999/xhtml" xml:lang="en" lang="en">
 <head>
  <title>
</title>
<meta http-equiv="Content-Type" content="text/html;charset=utf-8" />
  <meta name='ocr-system' content='tesseract 3.04.00' />
  <meta name='ocr-capabilities' content='ocr_page ocr_carea ocr_par ocr_line ocrx_word'/>
</head>
<body>
  <div class='ocr_page' id='page_1' title='image "./decorporishuman00wutzgoog_0136.png"; bbox 0 0 4590 5858; ppageno 0'>
   <div class='ocr_carea' id='block_1_1' title="bbox 1890 686 1962 760">
    <p class='ocr_par' dir='ltr' id='par_1_1' title="bbox 1890 686 1962 760">
     <span class='ocr_line' id='line_1_1' title="bbox 1890 686 1962 760; baseline -0.028 -22"><span class='ocrx_word' id='word_1_1' title='bbox 1890 686 1962 760; x_wconf 80' lang='lat'><strong>¹¹9</strong></span> 
     </span>
    </p>
   </div>
   <div class='ocr_carea' id='block_1_2' title="bbox 348 806 2015 933">
    <p class='ocr_par' dir='ltr' id='par_1_2' title="bbox 348 806 2015 933">
     <span class='ocr_line' id='line_1_2' title="bbox 348 806 2015 933; baseline 0.006 -26"><span class='ocrx_word' id='word_1_2' title='bbox 348 834 578 927; x_wconf 82' lang='lat' dir='ltr'><strong>invenimus3</strong></span> <span class='ocrx_word' id='word_1_3' title='bbox 603 837 672 907; x_wconf 90' lang='lat' dir='ltr'><strong>hac</strong></span> <span class='ocrx_word' id='word_1_4' title='bbox 695 831 742 906; x_wconf 87' lang='lat' dir='ltr'><strong>de</strong></span> <span class='ocrx_word' id='word_1_5' title='bbox 769 855 873 904; x_wconf 88' lang='lat' dir='ltr'><strong>causa</strong></span> <span class='ocrx_word' id='word_1_6' title='bbox 898 855 989 905; x_wconf 84' lang='lat' dir='ltr'><strong>vero</strong></span> <span class='ocrx_word' id='word_1_7' title='bbox 1015 833 1046 903; x_wconf 90' lang='lat' dir='ltr'><strong>si</strong></span> <span class='ocrx_word' id='word_1_8' title='bbox 1072 832 1155 927; x_wconf 85' lang='lat' dir='ltr'><strong>quis</strong></span> <span class='ocrx_word' id='word_1_9' title='bbox 1182 859 1320 930; x_wconf 86' lang='lat' dir='ltr'><strong>ponere</strong></span> <span class='ocrx_word' id='word_1_10' title='bbox 1345 832 1449 921; x_wconf 80' lang='lat' dir='ltr'><strong>velit,</strong></span> <span class='ocrx_word' id='word_1_11' title='bbox 1474 836 1579 908; x_wconf 87' lang='lat' dir='ltr'><strong>hasce</strong></span> <span class='ocrx_word' id='word_1_12' title='bbox 1605 855 1725 933; x_wconf 88' lang='lat' dir='ltr'><strong>partes</strong></span> <span class='ocrx_word' id='word_1_13' title='bbox 1750 839 1865 913; x_wconf 89' lang='lat' dir='ltr'><strong>serius</strong></span> <span class='ocrx_word' id='word_1_14' title='bbox 1884 842 1957 917; x_wconf 83' lang='lat' dir='ltr'><strong>for·</strong></span> <span class='ocrx_word' id='word_1_15' title='bbox 2001 806 2015 824; x_wconf 21' lang='grc' dir='ltr'><strong>ἢ</strong></span> 
     </span>
    </p>
   </div>
   <div class='ocr_carea' id='block_1_3' title="bbox 343 968 1956 1331">
    <p class='ocr_par' dir='ltr' id='par_1_3' title="bbox 343 968 1956 1331">
     <span class='ocr_line' id='line_1_3' title="bbox 345 968 1956 1066; baseline 0.003 -24"><span class='ocrx_word' id='word_1_16' title='bbox 345 989 458 1043; x_wconf 89' lang='lat' dir='ltr'><strong>matas</strong></span> <span class='ocrx_word' id='word_1_17' title='bbox 484 990 714 1066; x_wconf 83' lang='lat' dir='ltr'><strong>procrescere</strong></span> <span class='ocrx_word' id='word_1_18' title='bbox 740 990 787 1036; x_wconf 84' lang='lat' dir='ltr'><strong>ex</strong></span> <span class='ocrx_word' id='word_1_19' title='bbox 812 968 889 1038; x_wconf 91' lang='lat' dir='ltr'><strong>illis</strong></span> <span class='ocrx_word' id='word_1_20' title='bbox 913 968 1017 1062; x_wconf 87' lang='lat' dir='ltr'><strong>prius</strong></span> <span class='ocrx_word' id='word_1_21' title='bbox 1043 969 1250 1040; x_wconf 89' lang='lat' dir='ltr'><strong>constitutis</strong></span> <span class='ocrx_word' id='word_1_22' title='bbox 1276 970 1542 1065; x_wconf 84' lang='lat' dir='ltr'>vegetabilium</span> <span class='ocrx_word' id='word_1_23' title='bbox 1568 971 1645 1042; x_wconf 84' lang='lat' dir='ltr'><strong>fere</strong></span> <span class='ocrx_word' id='word_1_24' title='bbox 1671 997 1794 1059; x_wconf 89' lang='lat' dir='ltr'><strong>more,</strong></span> <span class='ocrx_word' id='word_1_25' title='bbox 1819 1009 1870 1026; x_wconf 93' lang='lat'>-</span> <span class='ocrx_word' id='word_1_26' title='bbox 1903 977 1956 1048; x_wconf 85' lang='lat' dir='ltr'><strong>le-</strong></span> 
     </span>
     <span class='ocr_line' id='line_1_4' title="bbox 343 1101 1954 1201; baseline 0.003 -27"><span class='ocrx_word' id='word_1_27' title='bbox 343 1105 452 1201; x_wconf 81' lang='lat' dir='ltr'>gibus</span> <span class='ocrx_word' id='word_1_28' title='bbox 476 1102 712 1179; x_wconf 71' lang='lat' dir='ltr'><strong>[unctionum</strong></span> <span class='ocrx_word' id='word_1_29' title='bbox 738 1101 1008 1173; x_wconf 87' lang='lat' dir='ltr'><strong>animalium</strong></span> <span class='ocrx_word' id='word_1_30' title='bbox 1033 1119 1106 1171; x_wconf 91' lang='lat' dir='ltr'><strong>tam</strong></span> <span class='ocrx_word' id='word_1_31' title='bbox 1134 1104 1273 1173; x_wconf 87' lang='lat' dir='ltr'><strong>alienus</strong></span> <span class='ocrx_word' id='word_1_32' title='bbox 1299 1104 1367 1174; x_wconf 91' lang='lat' dir='ltr'><strong>ille</strong></span> <span class='ocrx_word' id='word_1_33' title='bbox 1392 1105 1487 1174; x_wconf 90' lang='lat' dir='ltr'><strong>mihi</strong></span> <span class='ocrx_word' id='word_1_34' title='bbox 1513 1127 1620 1199; x_wconf 85' lang='lat' dir='ltr'><strong>agere</strong></span> <span class='ocrx_word' id='word_1_35' title='bbox 1646 1103 1804 1191; x_wconf 88' lang='lat' dir='ltr'><strong>videtur,</strong></span> <span class='ocrx_word' id='word_1_36' title='bbox 1829 1125 1871 1178; x_wconf 90' lang='lat' dir='ltr'><strong>ut</strong></span> <span class='ocrx_word' id='word_1_37' title='bbox 1896 1110 1954 1179; x_wconf 92' lang='lat' dir='ltr'><strong>lu·</strong></span> 
     </span>
     <span class='ocr_line' id='line_1_5' title="bbox 343 1236 1955 1331; baseline -0.001 -20"><span class='ocrx_word' id='word_1_38' title='bbox 343 1241 473 1311; x_wconf 86' lang='lat' dir='ltr'><strong>benter</strong></span> <span class='ocrx_word' id='word_1_39' title='bbox 499 1236 601 1307; x_wconf 90' lang='lat' dir='ltr'><strong>dicto</strong></span> <span class='ocrx_word' id='word_1_40' title='bbox 627 1238 696 1308; x_wconf 90' lang='lat' dir='ltr'><strong>illo</strong></span> <span class='ocrx_word' id='word_1_41' title='bbox 724 1238 911 1331; x_wconf 86' lang='lat' dir='ltr'><strong>praeclaro</strong></span> <span class='ocrx_word' id='word_1_42' title='bbox 938 1237 999 1307; x_wconf 86' lang='lat'><em>111.</em></span> <span class='ocrx_word' id='word_1_43' title='bbox 1024 1241 1154 1305; x_wconf 73' lang='lat' dir='ltr'><strong>Ratun</strong></span> <span class='ocrx_word' id='word_1_44' title='bbox 1181 1236 1354 1307; x_wconf 83' lang='lat' dir='ltr'><strong>accedere</strong></span> <span class='ocrx_word' id='word_1_45' title='bbox 1382 1239 1528 1310; x_wconf 85' lang='lat' dir='ltr'><strong>malim:</strong></span> <span class='ocrx_word' id='word_1_46' title='bbox 1569 1236 1804 1327; x_wconf 81' lang='lat' dir='ltr'><strong>„lleberlraupt</strong></span> <span class='ocrx_word' id='word_1_47' title='bbox 1829 1241 1955 1310; x_wconf 71' lang='lat' dir='ltr'><strong>witchar</strong></span> 
     </span>
    </p>
   </div>
   <div class='ocr_carea' id='block_1_4' title="bbox 242 1368 1955 1458">
    <p class='ocr_par' dir='ltr' id='par_1_4' title="bbox 242 1368 1955 1458">
     <span class='ocr_line' id='line_1_6' title="bbox 242 1368 1955 1458; baseline 0.004 -21"><span class='ocrx_word' id='word_1_48' title='bbox 242 1420 244 1424; x_wconf 87' lang='lat'>-</span> <span class='ocrx_word' id='word_1_49' title='bbox 341 1370 414 1438; x_wconf 80' lang='lat' dir='ltr'><strong>lein</strong></span> <span class='ocrx_word' id='word_1_50' title='bbox 438 1368 547 1436; x_wconf 69' lang='lat' dir='ltr'><strong>Nerva</strong></span> <span class='ocrx_word' id='word_1_51' title='bbox 571 1392 633 1436; x_wconf 82' lang='lat' dir='ltr'><strong>aus</strong></span> <span class='ocrx_word' id='word_1_52' title='bbox 658 1369 730 1436; x_wconf 87' lang='lat' dir='ltr'><strong>dem</strong></span> <span class='ocrx_word' id='word_1_53' title='bbox 759 1368 882 1437; x_wconf 73' lang='lat' dir='ltr'><strong>Gehirn</strong></span> <span class='ocrx_word' id='word_1_54' title='bbox 908 1368 986 1436; x_wconf 85' lang='lat' dir='ltr'><strong>oder</strong></span> <span class='ocrx_word' id='word_1_55' title='bbox 1012 1369 1129 1436; x_wconf 76' lang='lat' dir='ltr'><strong>andere</strong></span> <span class='ocrx_word' id='word_1_56' title='bbox 1156 1368 1281 1452; x_wconf 77' lang='lat' dir='ltr'><strong>coher,</strong></span> <span class='ocrx_word' id='word_1_57' title='bbox 1315 1369 1373 1437; x_wconf 84' lang='lat' dir='ltr'><strong>wie</strong></span> <span class='ocrx_word' id='word_1_58' title='bbox 1404 1386 1489 1437; x_wconf 73' lang='lat' dir='ltr'><strong>elwa</strong></span> <span class='ocrx_word' id='word_1_59' title='bbox 1520 1372 1591 1439; x_wconf 85' lang='lat' dir='ltr'><strong>eine</strong></span> <span class='ocrx_word' id='word_1_60' title='bbox 1616 1371 1753 1458; x_wconf 83' lang='lat' dir='ltr'><strong>Pflaoze</strong></span> <span class='ocrx_word' id='word_1_61' title='bbox 1778 1393 1840 1438; x_wconf 84' lang='lat' dir='ltr'><strong>aus</strong></span> <span class='ocrx_word' id='word_1_62' title='bbox 1864 1373 1955 1444; x_wconf 75' lang='lat' dir='ltr'><strong>iliter</strong></span> 
     </span>
    </p>
   </div>
   <div class='ocr_carea' id='block_1_5' title="bbox 315 1501 2051 4008">
    <p class='ocr_par' dir='ltr' id='par_1_5' title="bbox 315 1501 2051 4008">
     <span class='ocr_line' id='line_1_7' title="bbox 348 1501 1952 1589; baseline 0 -14"><span class='ocrx_word' id='word_1_63' title='bbox 348 1504 476 1575; x_wconf 80' lang='lat' dir='ltr'><strong>Wurzel</strong></span> <span class='ocrx_word' id='word_1_64' title='bbox 497 1503 623 1586; x_wconf 77' lang='lat' dir='ltr'><strong>hemor,</strong></span> <span class='ocrx_word' id='word_1_65' title='bbox 649 1502 790 1570; x_wconf 76' lang='lat' dir='ltr'><strong>condem</strong></span> <span class='ocrx_word' id='word_1_66' title='bbox 814 1525 849 1570; x_wconf 85' lang='lat' dir='ltr'><strong>er</strong></span> <span class='ocrx_word' id='word_1_67' title='bbox 873 1504 1016 1571; x_wconf 80' lang='lat' dir='ltr'><strong>entsteln</strong></span> <span class='ocrx_word' id='word_1_68' title='bbox 1040 1501 1169 1571; x_wconf 79' lang='lat' dir='ltr'><strong>iiberall</strong></span> <span class='ocrx_word' id='word_1_69' title='bbox 1191 1502 1245 1586; x_wconf 87' lang='lat' dir='ltr'><strong>do,</strong></span> <span class='ocrx_word' id='word_1_70' title='bbox 1273 1527 1322 1570; x_wconf 80' lang='lat' dir='ltr'><strong>wo</strong></span> <span class='ocrx_word' id='word_1_71' title='bbox 1347 1527 1383 1571; x_wconf 84' lang='lat' dir='ltr'><strong>er</strong></span> <span class='ocrx_word' id='word_1_72' title='bbox 1408 1504 1461 1589; x_wconf 84' lang='lat' dir='ltr'><strong>ist,</strong></span> <span class='ocrx_word' id='word_1_73' title='bbox 1487 1528 1548 1572; x_wconf 80' lang='lat' dir='ltr'><strong>ons</strong></span> <span class='ocrx_word' id='word_1_74' title='bbox 1572 1506 1630 1573; x_wconf 84' lang='lat' dir='ltr'><strong>der</strong></span> <span class='ocrx_word' id='word_1_75' title='bbox 1655 1505 1831 1574; x_wconf 83' lang='lat' dir='ltr'><strong>bildtamen</strong></span> <span class='ocrx_word' id='word_1_76' title='bbox 1851 1504 1952 1575; x_wconf 78' lang='lat' dir='ltr'><strong>Blat-</strong></span> 
     </span>
     <span class='ocr_line' id='line_1_8' title="bbox 342 1622 1950 1737; baseline 0.008 -30"><span class='ocrx_word' id='word_1_77' title='bbox 342 1640 501 1733; x_wconf 76' lang='lat' dir='ltr'><strong>lymphe.“</strong></span> <span class='ocrx_word' id='word_1_78' title='bbox 530 1638 567 1729; x_wconf 85' lang='lat'><strong>¹)</strong></span> <span class='ocrx_word' id='word_1_79' title='bbox 598 1673 649 1690; x_wconf 92' lang='lat'>-</span> <span class='ocrx_word' id='word_1_80' title='bbox 718 1646 818 1711; x_wconf 92' lang='lat' dir='ltr'><strong>Nam</strong></span> <span class='ocrx_word' id='word_1_81' title='bbox 850 1636 906 1727; x_wconf 88' lang='lat' dir='ltr'><strong>(ut</strong></span> <span class='ocrx_word' id='word_1_82' title='bbox 930 1641 970 1708; x_wconf 91' lang='lat' dir='ltr'><strong>in</strong></span> <span class='ocrx_word' id='word_1_83' title='bbox 992 1639 1148 1737; x_wconf 86' lang='lat' dir='ltr'><strong>gangliis</strong></span> <span class='ocrx_word' id='word_1_84' title='bbox 1181 1641 1428 1732; x_wconf 85' lang='lat' dir='ltr'><strong>persistamus)</strong></span> <span class='ocrx_word' id='word_1_85' title='bbox 1459 1622 1568 1734; x_wconf 82' lang='lat' dir='ltr'><strong>plura</strong></span> <span class='ocrx_word' id='word_1_86' title='bbox 1599 1644 1762 1737; x_wconf 88' lang='lat' dir='ltr'><strong>corporis</strong></span> <span class='ocrx_word' id='word_1_87' title='bbox 1796 1647 1950 1720; x_wconf 85' lang='lat' dir='ltr'><strong>humani</strong></span> 
     </span>
     <span class='ocr_line' id='line_1_9' title="bbox 315 1771 1950 1876; baseline 0.005 -30"><span class='ocrx_word' id='word_1_88' title='bbox 315 1777 487 1876; x_wconf 81' lang='lat' dir='ltr'><strong>ganglia</strong></span> <span class='ocrx_word' id='word_1_89' title='bbox 513 1802 545 1847; x_wconf 88' lang='lat' dir='ltr'><strong>e.</strong></span> <span class='ocrx_word' id='word_1_90' title='bbox 569 1797 606 1870; x_wconf 87' lang='lat' dir='ltr'><strong>g.</strong></span> <span class='ocrx_word' id='word_1_91' title='bbox 636 1771 737 1843; x_wconf 90' lang='lat' dir='ltr'><strong>haud</strong></span> <span class='ocrx_word' id='word_1_92' title='bbox 761 1797 845 1844; x_wconf 92' lang='lat' dir='ltr'><strong>raro</strong></span> <span class='ocrx_word' id='word_1_93' title='bbox 870 1775 980 1867; x_wconf 87' lang='lat' dir='ltr'><strong>plane</strong></span> <span class='ocrx_word' id='word_1_94' title='bbox 1012 1775 1150 1857; x_wconf 85' lang='lat' dir='ltr'><strong>abesse,</strong></span> <span class='ocrx_word' id='word_1_95' title='bbox 1182 1789 1219 1841; x_wconf 89' lang='lat' dir='ltr'><strong>et</strong></span> <span class='ocrx_word' id='word_1_96' title='bbox 1244 1789 1334 1842; x_wconf 90' lang='lat' dir='ltr'><strong>tunc</strong></span> <span class='ocrx_word' id='word_1_97' title='bbox 1359 1799 1511 1862; x_wconf 81' lang='lat' dir='ltr'><strong>nervos,</strong></span> <span class='ocrx_word' id='word_1_98' title='bbox 1543 1777 1608 1867; x_wconf 91' lang='lat' dir='ltr'><strong>qui</strong></span> <span class='ocrx_word' id='word_1_99' title='bbox 1635 1802 1682 1846; x_wconf 87' lang='lat' dir='ltr'><strong>ex</strong></span> <span class='ocrx_word' id='word_1_100' title='bbox 1708 1778 1750 1847; x_wconf 91' lang='lat' dir='ltr'><strong>iis</strong></span> <span class='ocrx_word' id='word_1_101' title='bbox 1776 1781 1868 1850; x_wconf 92' lang='lat' dir='ltr'><strong>oriri</strong></span> <span class='ocrx_word' id='word_1_102' title='bbox 1893 1806 1950 1855; x_wconf 86' lang='lat' dir='ltr'><strong>so·</strong></span> 
     </span>
     <span class='ocr_line' id='line_1_10' title="bbox 339 1907 1948 2010; baseline 0.001 -26"><span class='ocrx_word' id='word_1_103' title='bbox 339 1915 429 1998; x_wconf 85' lang='lat' dir='ltr'><strong>lent,</strong></span> <span class='ocrx_word' id='word_1_104' title='bbox 455 1913 529 1983; x_wconf 92' lang='lat' dir='ltr'><strong>alio</strong></span> <span class='ocrx_word' id='word_1_105' title='bbox 557 1908 717 2002; x_wconf 86' lang='lat' dir='ltr'><strong>quodam</strong></span> <span class='ocrx_word' id='word_1_106' title='bbox 744 1909 829 1977; x_wconf 93' lang='lat' dir='ltr'><strong>loco</strong></span> <span class='ocrx_word' id='word_1_107' title='bbox 853 1907 983 1992; x_wconf 83' lang='lat' dir='ltr'><strong>enasci,</strong></span> <span class='ocrx_word' id='word_1_108' title='bbox 1007 1909 1227 2001; x_wconf 83' lang='lat' dir='ltr'><strong>reperimus.</strong></span> <span class='ocrx_word' id='word_1_109' title='bbox 1288 1911 1382 1977; x_wconf 90' lang='lat' dir='ltr'><strong>Cum</strong></span> <span class='ocrx_word' id='word_1_110' title='bbox 1409 1926 1532 1978; x_wconf 90' lang='lat' dir='ltr'><strong>tamen</strong></span> <span class='ocrx_word' id='word_1_111' title='bbox 1557 1909 1615 1994; x_wconf 90' lang='lat' dir='ltr'><strong>id,</strong></span> <span class='ocrx_word' id='word_1_112' title='bbox 1642 1910 1742 2002; x_wconf 86' lang='lat' dir='ltr'><strong>quod</strong></span> <span class='ocrx_word' id='word_1_113' title='bbox 1767 1929 1842 1983; x_wconf 86' lang='lat' dir='ltr'><strong>tarn</strong></span> <span class='ocrx_word' id='word_1_114' title='bbox 1868 1938 1948 2010; x_wconf 84' lang='lat' dir='ltr'><strong>gra·</strong></span> 
     </span>
     <span class='ocr_line' id='line_1_11' title="bbox 337 2040 1948 2140; baseline 0.003 -24"><span class='ocrx_word' id='word_1_115' title='bbox 337 2047 395 2116; x_wconf 88' lang='lat' dir='ltr'><strong>vis</strong></span> <span class='ocrx_word' id='word_1_116' title='bbox 418 2044 601 2115; x_wconf 84' lang='lat' dir='ltr'><strong>momenti</strong></span> <span class='ocrx_word' id='word_1_117' title='bbox 634 2044 778 2135; x_wconf 82' lang='lat' dir='ltr'><strong>organis</strong></span> <span class='ocrx_word' id='word_1_118' title='bbox 812 2042 997 2136; x_wconf 86' lang='lat' dir='ltr'><strong>originem</strong></span> <span class='ocrx_word' id='word_1_119' title='bbox 1025 2043 1196 2125; x_wconf 86' lang='lat' dir='ltr'><strong>exhibet,</strong></span> <span class='ocrx_word' id='word_1_120' title='bbox 1232 2040 1354 2110; x_wconf 88' lang='lat' dir='ltr'><strong>abesse</strong></span> <span class='ocrx_word' id='word_1_121' title='bbox 1388 2059 1563 2134; x_wconf 85' lang='lat' dir='ltr'><strong>nequeat,</strong></span> <span class='ocrx_word' id='word_1_122' title='bbox 1601 2044 1748 2140; x_wconf 84' lang='lat' dir='ltr'><strong>ganglia</strong></span> <span class='ocrx_word' id='word_1_123' title='bbox 1779 2046 1948 2121; x_wconf 90' lang='lat' dir='ltr'><strong>nondum</strong></span> 
     </span>
     <span class='ocr_line' id='line_1_12' title="bbox 338 2171 1948 2265; baseline 0.003 -17"><span class='ocrx_word' id='word_1_124' title='bbox 338 2199 538 2250; x_wconf 85' lang='lat' dir='ltr'><strong>nervorum</strong></span> <span class='ocrx_word' id='word_1_125' title='bbox 565 2174 684 2243; x_wconf 83' lang='lat' dir='ltr'><strong>fontes</strong></span> <span class='ocrx_word' id='word_1_126' title='bbox 710 2192 822 2265; x_wconf 88' lang='lat' dir='ltr'><strong>atque</strong></span> <span class='ocrx_word' id='word_1_127' title='bbox 848 2173 1028 2264; x_wconf 87' lang='lat' dir='ltr'><strong>principia</strong></span> <span class='ocrx_word' id='word_1_128' title='bbox 1055 2197 1145 2258; x_wconf 85' lang='lat' dir='ltr'><strong>esse,</strong></span> <span class='ocrx_word' id='word_1_129' title='bbox 1168 2173 1424 2242; x_wconf 87' lang='lat' dir='ltr'><strong>concludimus</strong></span> <span class='ocrx_word' id='word_1_130' title='bbox 1454 2171 1501 2261; x_wconf 88' lang='lat'><strong>²).</strong></span> <span class='ocrx_word' id='word_1_131' title='bbox 1566 2176 1656 2261; x_wconf 86' lang='lat' dir='ltr'><strong>Hic,</strong></span> <span class='ocrx_word' id='word_1_132' title='bbox 1689 2175 1777 2247; x_wconf 86' lang='lat' dir='ltr'><strong>licet</strong></span> <span class='ocrx_word' id='word_1_133' title='bbox 1810 2205 1858 2250; x_wconf 87' lang='lat' dir='ltr'><strong>ex</strong></span> <span class='ocrx_word' id='word_1_134' title='bbox 1883 2182 1948 2253; x_wconf 91' lang='lat' dir='ltr'><strong>ob·</strong></span> 
     </span>
     <span class='ocr_line' id='line_1_13' title="bbox 338 2297 1946 2402; baseline 0 -20"><span class='ocrx_word' id='word_1_135' title='bbox 338 2309 604 2382; x_wconf 85' lang='lat' dir='ltr'><strong>servationibus</strong></span> <span class='ocrx_word' id='word_1_136' title='bbox 629 2306 1007 2401; x_wconf 82' lang='lat' dir='ltr'><strong>praeclarissimorum</strong></span> <span class='ocrx_word' id='word_1_137' title='bbox 1021 2307 1189 2375; x_wconf 85' lang='lat' dir='ltr'><strong>virorum</strong></span> <span class='ocrx_word' id='word_1_138' title='bbox 1209 2311 1412 2377; x_wconf 72' lang='lat' dir='ltr'><strong>Manrrcnt</strong></span> <span class='ocrx_word' id='word_1_139' title='bbox 1429 2297 1475 2393; x_wconf 85' lang='lat'><strong>³),</strong></span> <span class='ocrx_word' id='word_1_140' title='bbox 1500 2311 1671 2376; x_wconf 73' lang='lat' dir='ltr'><strong>Mecum,</strong></span> <span class='ocrx_word' id='word_1_141' title='bbox 1687 2299 1734 2394; x_wconf 82' lang='grc'><strong>4),</strong></span> <span class='ocrx_word' id='word_1_142' title='bbox 1758 2315 1879 2382; x_wconf 79' lang='lat' dir='ltr'><strong>Worr</strong></span> <span class='ocrx_word' id='word_1_143' title='bbox 1895 2311 1946 2402; x_wconf 62' lang='grc' dir='ltr'><strong>ς),</strong></span> 
     </span>
     <span class='ocr_line' id='line_1_14' title="bbox 335 2435 1946 2534; baseline 0.002 -20"><span class='ocrx_word' id='word_1_144' title='bbox 335 2452 558 2515; x_wconf 74' lang='lat' dir='ltr'><strong>Lawunrtcl</strong></span> <span class='ocrx_word' id='word_1_145' title='bbox 587 2435 637 2529; x_wconf 81' lang='lat'><strong>⁶),</strong></span> <span class='ocrx_word' id='word_1_146' title='bbox 663 2458 788 2534; x_wconf 83' lang='lat' dir='ltr'><strong>patere</strong></span> <span class='ocrx_word' id='word_1_147' title='bbox 813 2439 998 2522; x_wconf 86' lang='lat' dir='ltr'><strong>videatur,</strong></span> <span class='ocrx_word' id='word_1_148' title='bbox 1029 2437 1237 2510; x_wconf 87' lang='lat' dir='ltr'><strong>medullam</strong></span> <span class='ocrx_word' id='word_1_149' title='bbox 1262 2441 1441 2534; x_wconf 89' lang='lat' dir='ltr'><strong>spinalem</strong></span> <span class='ocrx_word' id='word_1_150' title='bbox 1475 2457 1511 2508; x_wconf 85' lang='lat' dir='ltr'><strong>et</strong></span> <span class='ocrx_word' id='word_1_151' title='bbox 1543 2441 1737 2511; x_wconf 86' lang='lat' dir='ltr'><strong>cerebrum</strong></span> <span class='ocrx_word' id='word_1_152' title='bbox 1769 2443 1809 2510; x_wconf 93' lang='lat' dir='ltr'><strong>in</strong></span> <span class='ocrx_word' id='word_1_153' title='bbox 1840 2443 1946 2516; x_wconf 84' lang='lat' dir='ltr'><strong>foetu</strong></span> 
     </span>
     <span class='ocr_line' id='line_1_15' title="bbox 335 2573 2051 2674; baseline 0 -26"><span class='ocrx_word' id='word_1_154' title='bbox 335 2581 437 2674; x_wconf 89' lang='lat' dir='ltr'><strong>prius</strong></span> <span class='ocrx_word' id='word_1_155' title='bbox 452 2574 626 2659; x_wconf 68' lang='lat' dir='ltr'><strong>formari,</strong></span> <span class='ocrx_word' id='word_1_156' title='bbox 653 2597 764 2667; x_wconf 90' lang='lat' dir='ltr'><strong>quam</strong></span> <span class='ocrx_word' id='word_1_157' title='bbox 788 2595 853 2643; x_wconf 89' lang='lat' dir='ltr'><strong>cor</strong></span> <span class='ocrx_word' id='word_1_158' title='bbox 872 2593 910 2645; x_wconf 88' lang='lat' dir='ltr'><strong>et</strong></span> <span class='ocrx_word' id='word_1_159' title='bbox 927 2592 1087 2662; x_wconf 82' lang='lat' dir='ltr'><strong>systema</strong></span> <span class='ocrx_word' id='word_1_160' title='bbox 1105 2595 1287 2658; x_wconf 87' lang='lat' dir='ltr'><strong>vasorum,</strong></span> <span class='ocrx_word' id='word_1_161' title='bbox 1305 2573 1365 2643; x_wconf 89' lang='lat' dir='ltr'><strong>his</strong></span> <span class='ocrx_word' id='word_1_162' title='bbox 1384 2591 1507 2642; x_wconf 87' lang='lat' dir='ltr'><strong>tamen</strong></span> <span class='ocrx_word' id='word_1_163' title='bbox 1526 2596 1602 2643; x_wconf 92' lang='lat' dir='ltr'><strong>non</strong></span> <span class='ocrx_word' id='word_1_164' title='bbox 1622 2575 1735 2644; x_wconf 87' lang='lat' dir='ltr'><strong>simul</strong></span> <span class='ocrx_word' id='word_1_165' title='bbox 1755 2577 1946 2669; x_wconf 86' lang='lat' dir='ltr'><strong>probatur,</strong></span> <span class='ocrx_word' id='word_1_166' title='bbox 2045 2628 2051 2635; x_wconf 88' lang='lat'><em>-</em></span> 
     </span>
     <span class='ocr_line' id='line_1_16' title="bbox 335 2706 1947 2805; baseline 0.002 -26"><span class='ocrx_word' id='word_1_167' title='bbox 335 2710 502 2796; x_wconf 87' lang='lat' dir='ltr'><strong>videtur,</strong></span> <span class='ocrx_word' id='word_1_168' title='bbox 527 2711 686 2802; x_wconf 88' lang='lat' dir='ltr'><strong>reliquas</strong></span> <span class='ocrx_word' id='word_1_169' title='bbox 711 2709 913 2798; x_wconf 87' lang='lat' dir='ltr'><strong>systematis</strong></span> <span class='ocrx_word' id='word_1_170' title='bbox 938 2730 1140 2777; x_wconf 84' lang='lat' dir='ltr'><strong>nervorum</strong></span> <span class='ocrx_word' id='word_1_171' title='bbox 1163 2725 1284 2800; x_wconf 86' lang='lat' dir='ltr'><strong>partes</strong></span> <span class='ocrx_word' id='word_1_172' title='bbox 1310 2707 1355 2778; x_wconf 88' lang='lat' dir='ltr'><strong>ab</strong></span> <span class='ocrx_word' id='word_1_173' title='bbox 1382 2706 1460 2778; x_wconf 88' lang='lat' dir='ltr'><strong>illis</strong></span> <span class='ocrx_word' id='word_1_174' title='bbox 1484 2710 1735 2802; x_wconf 85' lang='lat' dir='ltr'><strong>procreari.</strong></span> <span class='ocrx_word' id='word_1_175' title='bbox 1786 2708 1830 2779; x_wconf 87' lang='lat' dir='ltr'><strong>Id</strong></span> <span class='ocrx_word' id='word_1_176' title='bbox 1855 2735 1947 2805; x_wconf 89' lang='lat' dir='ltr'><strong>quo·</strong></span> 
     </span>
     <span class='ocr_line' id='line_1_17' title="bbox 336 2819 1944 2940; baseline 0.001 -25"><span class='ocrx_word' id='word_1_177' title='bbox 336 2872 418 2940; x_wconf 89' lang='lat' dir='ltr'><strong>que,</strong></span> <span class='ocrx_word' id='word_1_178' title='bbox 444 2842 545 2937; x_wconf 88' lang='lat' dir='ltr'><strong>quod</strong></span> <span class='ocrx_word' id='word_1_179' title='bbox 570 2844 622 2914; x_wconf 87' lang='lat' dir='ltr'><strong>cl.</strong></span> <span class='ocrx_word' id='word_1_180' title='bbox 649 2848 797 2912; x_wconf 73' lang='lat' dir='ltr'><strong>Wnurm</strong></span> <span class='ocrx_word' id='word_1_181' title='bbox 817 2859 955 2925; x_wconf 87' lang='lat' dir='ltr'><strong>monet,</strong></span> <span class='ocrx_word' id='word_1_182' title='bbox 970 2858 1147 2934; x_wconf 86' lang='lat' dir='ltr'><strong>repetere,</strong></span> <span class='ocrx_word' id='word_1_183' title='bbox 1162 2840 1263 2911; x_wconf 88' lang='lat' dir='ltr'><strong>haud</strong></span> <span class='ocrx_word' id='word_1_184' title='bbox 1276 2841 1340 2912; x_wconf 91' lang='lat' dir='ltr'><strong>abs</strong></span> <span class='ocrx_word' id='word_1_185' title='bbox 1350 2865 1395 2910; x_wconf 87' lang='lat' dir='ltr'><strong>re</strong></span> <span class='ocrx_word' id='word_1_186' title='bbox 1407 2840 1511 2925; x_wconf 83' lang='lat' dir='ltr'><strong>duxi,</strong></span> <span class='ocrx_word' id='word_1_187' title='bbox 1524 2819 1723 2911; x_wconf 83' lang='lat' dir='ltr'><strong>nimirum:</strong></span> <span class='ocrx_word' id='word_1_188' title='bbox 1747 2843 1778 2911; x_wconf 89' lang='lat' dir='ltr'><strong>si</strong></span> <span class='ocrx_word' id='word_1_189' title='bbox 1791 2867 1944 2919; x_wconf 86' lang='lat' dir='ltr'><strong>omnem</strong></span> 
     </span>
     <span class='ocr_line' id='line_1_18' title="bbox 335 2973 1942 3071; baseline 0.002 -23"><span class='ocrx_word' id='word_1_190' title='bbox 335 2980 537 3049; x_wconf 79' lang='lat' dir='ltr'><strong>utilitatem</strong></span> <span class='ocrx_word' id='word_1_191' title='bbox 563 2976 797 3071; x_wconf 85' lang='lat' dir='ltr'><strong>gangliorum</strong></span> <span class='ocrx_word' id='word_1_192' title='bbox 824 2975 869 3043; x_wconf 93' lang='lat' dir='ltr'><strong>ad</strong></span> <span class='ocrx_word' id='word_1_193' title='bbox 895 2973 1080 3068; x_wconf 87' lang='lat' dir='ltr'><strong>originem</strong></span> <span class='ocrx_word' id='word_1_194' title='bbox 1106 2998 1309 3044; x_wconf 88' lang='lat' dir='ltr'><strong>nervorum</strong></span> <span class='ocrx_word' id='word_1_195' title='bbox 1328 2997 1500 3043; x_wconf 86' lang='lat' dir='ltr'><strong>revocare</strong></span> <span class='ocrx_word' id='word_1_196' title='bbox 1521 2974 1691 3058; x_wconf 76' lang='lat' dir='ltr'><strong>velimus,</strong></span> <span class='ocrx_word' id='word_1_197' title='bbox 1704 2974 1792 3062; x_wconf 87' lang='lat' dir='ltr'><strong>illis,</strong></span> <span class='ocrx_word' id='word_1_198' title='bbox 1805 2977 1942 3051; x_wconf 89' lang='lat' dir='ltr'><strong>horum</strong></span> 
     </span>
     <span class='ocr_line' id='line_1_19' title="bbox 334 3105 1942 3202; baseline -0.001 -19"><span class='ocrx_word' id='word_1_199' title='bbox 334 3111 555 3183; x_wconf 85' lang='lat' dir='ltr'><strong>formatione</strong></span> <span class='ocrx_word' id='word_1_200' title='bbox 581 3125 725 3202; x_wconf 86' lang='lat' dir='ltr'><strong>peracta</strong></span> <span class='ocrx_word' id='word_1_201' title='bbox 751 3133 825 3178; x_wconf 86' lang='lat' dir='ltr'><strong>non</strong></span> <span class='ocrx_word' id='word_1_202' title='bbox 851 3108 1010 3200; x_wconf 90' lang='lat' dir='ltr'><strong>amplius</strong></span> <span class='ocrx_word' id='word_1_203' title='bbox 1036 3131 1129 3200; x_wconf 88' lang='lat' dir='ltr'><strong>opus</strong></span> <span class='ocrx_word' id='word_1_204' title='bbox 1156 3132 1241 3193; x_wconf 86' lang='lat' dir='ltr'><strong>esse,</strong></span> <span class='ocrx_word' id='word_1_205' title='bbox 1277 3130 1370 3200; x_wconf 84' lang='lat' dir='ltr'><strong>quae</strong></span> <span class='ocrx_word' id='word_1_206' title='bbox 1397 3109 1491 3178; x_wconf 89' lang='lat' dir='ltr'><strong>hanc</strong></span> <span class='ocrx_word' id='word_1_207' title='bbox 1517 3105 1672 3176; x_wconf 89' lang='lat' dir='ltr'><strong>obrem</strong></span> <span class='ocrx_word' id='word_1_208' title='bbox 1699 3130 1942 3200; x_wconf 87' lang='lat' dir='ltr'><strong>peromnem</strong></span> 
     </span>
     <span class='ocr_line' id='line_1_20' title="bbox 332 3238 1941 3341; baseline -0.003 -26"><span class='ocrx_word' id='word_1_209' title='bbox 332 3249 445 3316; x_wconf 88' lang='lat' dir='ltr'><strong>vitam</strong></span> <span class='ocrx_word' id='word_1_210' title='bbox 473 3270 542 3341; x_wconf 91' lang='lat' dir='ltr'><strong>pro</strong></span> <span class='ocrx_word' id='word_1_211' title='bbox 568 3244 694 3315; x_wconf 88' lang='lat' dir='ltr'><strong>otiosis</strong></span> <span class='ocrx_word' id='word_1_212' title='bbox 727 3243 988 3336; x_wconf 84' lang='lat' dir='ltr'><strong>spectatoribus</strong></span> <span class='ocrx_word' id='word_1_213' title='bbox 1022 3239 1220 3312; x_wconf 84' lang='lat' dir='ltr'><strong>functionis</strong></span> <span class='ocrx_word' id='word_1_214' title='bbox 1253 3265 1455 3311; x_wconf 79' lang='lat' dir='ltr'><strong>nervorum</strong></span> <span class='ocrx_word' id='word_1_215' title='bbox 1488 3238 1657 3309; x_wconf 87' lang='lat' dir='ltr'><strong>habenda</strong></span> <span class='ocrx_word' id='word_1_216' title='bbox 1688 3259 1821 3327; x_wconf 84' lang='lat' dir='ltr'><strong>essent,</strong></span> <span class='ocrx_word' id='word_1_217' title='bbox 1852 3265 1941 3316; x_wconf 87' lang='lat' dir='ltr'><strong>cum</strong></span> 
     </span>
     <span class='ocr_line' id='line_1_21' title="bbox 332 3370 1941 3472; baseline -0.002 -21"><span class='ocrx_word' id='word_1_218' title='bbox 332 3383 436 3451; x_wconf 85' lang='lat' dir='ltr'><strong>nervi</strong></span> <span class='ocrx_word' id='word_1_219' title='bbox 464 3394 589 3472; x_wconf 81' lang='lat' dir='ltr'><strong>postea</strong></span> <span class='ocrx_word' id='word_1_220' title='bbox 614 3399 683 3471; x_wconf 86' lang='lat' dir='ltr'><strong>per</strong></span> <span class='ocrx_word' id='word_1_221' title='bbox 708 3398 791 3443; x_wconf 82' lang='lat' dir='ltr'><strong>vasa</strong></span> <span class='ocrx_word' id='word_1_222' title='bbox 816 3374 972 3442; x_wconf 81' lang='lat' dir='ltr'><strong>nutritio</strong></span> <span class='ocrx_word' id='word_1_223' title='bbox 996 3375 1210 3442; x_wconf 83' lang='lat' dir='ltr'><strong>nutriantur</strong></span> <span class='ocrx_word' id='word_1_224' title='bbox 1239 3370 1289 3460; x_wconf 85' lang='lat'><strong>⁷).</strong></span> <span class='ocrx_word' id='word_1_225' title='bbox 1355 3374 1488 3440; x_wconf 79' lang='lat' dir='ltr'><strong>Omnis</strong></span> <span class='ocrx_word' id='word_1_226' title='bbox 1511 3392 1599 3463; x_wconf 88' lang='lat' dir='ltr'><strong>ergo</strong></span> <span class='ocrx_word' id='word_1_227' title='bbox 1624 3394 1760 3440; x_wconf 88' lang='lat' dir='ltr'><strong>nervus</strong></span> <span class='ocrx_word' id='word_1_228' title='bbox 1786 3395 1830 3441; x_wconf 94' lang='lat' dir='ltr'><strong>eo</strong></span> <span class='ocrx_word' id='word_1_229' title='bbox 1856 3375 1941 3447; x_wconf 90' lang='lat' dir='ltr'><strong>loco</strong></span> 
     </span>
     <span class='ocr_line' id='line_1_22' title="bbox 331 3498 1940 3610; baseline -0.005 -24"><span class='ocrx_word' id='word_1_230' title='bbox 331 3518 423 3610; x_wconf 81' lang='lat' dir='ltr'><strong>ipsc,</strong></span> <span class='ocrx_word' id='word_1_231' title='bbox 448 3537 523 3605; x_wconf 93' lang='lat' dir='ltr'><strong>quo</strong></span> <span class='ocrx_word' id='word_1_232' title='bbox 547 3509 657 3592; x_wconf 83' lang='lat' dir='ltr'><strong>adest,</strong></span> <span class='ocrx_word' id='word_1_233' title='bbox 684 3506 864 3576; x_wconf 85' lang='lat' dir='ltr'><strong>formatur</strong></span> <span class='ocrx_word' id='word_1_234' title='bbox 894 3498 939 3589; x_wconf 88' lang='grc'><strong>8),</strong></span> <span class='ocrx_word' id='word_1_235' title='bbox 960 3538 1010 3555; x_wconf 89' lang='lat'>-</span> <span class='ocrx_word' id='word_1_236' title='bbox 1046 3527 1159 3597; x_wconf 87' lang='lat' dir='ltr'><strong>quare</strong></span> <span class='ocrx_word' id='word_1_237' title='bbox 1186 3505 1316 3597; x_wconf 87' lang='lat' dir='ltr'><strong>quovis</strong></span> <span class='ocrx_word' id='word_1_238' title='bbox 1342 3505 1438 3586; x_wconf 89' lang='lat' dir='ltr'><strong>loco,</strong></span> <span class='ocrx_word' id='word_1_239' title='bbox 1464 3501 1531 3570; x_wconf 87' lang='lat' dir='ltr'><strong>nbi</strong></span> <span class='ocrx_word' id='word_1_240' title='bbox 1556 3524 1765 3570; x_wconf 88' lang='lat' dir='ltr'><strong>sermonem</strong></span> <span class='ocrx_word' id='word_1_241' title='bbox 1793 3502 1864 3575; x_wconf 85' lang='lat' dir='ltr'><strong>feci</strong></span> <span class='ocrx_word' id='word_1_242' title='bbox 1891 3508 1940 3579; x_wconf 84' lang='lat' dir='ltr'><strong>de</strong></span> 
     </span>
     <span class='ocr_line' id='line_1_23' title="bbox 330 3602 1939 3724; baseline -0.006 -7"><span class='ocrx_word' id='word_1_243' title='bbox 330 3648 453 3717; x_wconf 87' lang='lat' dir='ltr'><strong>nervis</strong></span> <span class='ocrx_word' id='word_1_244' title='bbox 480 3602 773 3724; x_wconf 68' lang='lat' dir='ltr'><strong>exeuntilius,</strong></span> <span class='ocrx_word' id='word_1_245' title='bbox 800 3639 1104 3722; x_wconf 87' lang='lat' dir='ltr'><strong>intrantibus,</strong></span> <span class='ocrx_word' id='word_1_246' title='bbox 1135 3635 1462 3706; x_wconf 87' lang='lat' dir='ltr'><strong>accedentibus</strong></span> <span class='ocrx_word' id='word_1_247' title='bbox 1488 3649 1557 3701; x_wconf 84' lang='lat' dir='ltr'><strong>etc.</strong></span> <span class='ocrx_word' id='word_1_248' title='bbox 1596 3634 1669 3701; x_wconf 88' lang='lat' dir='ltr'><strong>hoc</strong></span> <span class='ocrx_word' id='word_1_249' title='bbox 1700 3635 1821 3704; x_wconf 87' lang='lat' dir='ltr'><strong>solum</strong></span> <span class='ocrx_word' id='word_1_250' title='bbox 1853 3637 1939 3709; x_wconf 88' lang='lat' dir='ltr'><strong>faci·</strong></span> 
     </span>
     <span class='ocr_line' id='line_1_24' title="bbox 329 3766 1937 3870; baseline -0.007 -19"><span class='ocrx_word' id='word_1_251' title='bbox 329 3780 433 3852; x_wconf 89' lang='lat' dir='ltr'><strong>lioris</strong></span> <span class='ocrx_word' id='word_1_252' title='bbox 459 3774 716 3870; x_wconf 89' lang='lat' dir='ltr'><strong>descriptionis</strong></span> <span class='ocrx_word' id='word_1_253' title='bbox 741 3795 845 3843; x_wconf 79' lang='lat' dir='ltr'><strong>causa</strong></span> <span class='ocrx_word' id='word_1_254' title='bbox 871 3770 1009 3841; x_wconf 85' lang='lat' dir='ltr'><strong>facttun</strong></span> <span class='ocrx_word' id='word_1_255' title='bbox 1036 3794 1129 3855; x_wconf 88' lang='lat' dir='ltr'><strong>esse,</strong></span> <span class='ocrx_word' id='word_1_256' title='bbox 1165 3792 1321 3853; x_wconf 83' lang='lat' dir='ltr'><strong>moneo,</strong></span> <span class='ocrx_word' id='word_1_257' title='bbox 1357 3766 1544 3858; x_wconf 84' lang='lat' dir='ltr'><strong>simulque</strong></span> <span class='ocrx_word' id='word_1_258' title='bbox 1569 3771 1763 3851; x_wconf 85' lang='lat' dir='ltr'><strong>Lectores,</strong></span> <span class='ocrx_word' id='word_1_259' title='bbox 1800 3791 1849 3838; x_wconf 85' lang='lat' dir='ltr'><strong>ne</strong></span> <span class='ocrx_word' id='word_1_260' title='bbox 1873 3792 1937 3840; x_wconf 78' lang='lat' dir='ltr'><strong>vo·</strong></span> 
     </span>
     <span class='ocr_line' id='line_1_25' title="bbox 330 3900 1736 4008; baseline -0.012 -23"><span class='ocrx_word' id='word_1_261' title='bbox 330 3914 458 3987; x_wconf 85' lang='lat' dir='ltr'><strong>cabula</strong></span> <span class='ocrx_word' id='word_1_262' title='bbox 483 3914 551 3984; x_wconf 92' lang='lat' dir='ltr'><strong>illa</strong></span> <span class='ocrx_word' id='word_1_263' title='bbox 575 3934 685 3982; x_wconf 88' lang='lat' dir='ltr'><strong>sensu</strong></span> <span class='ocrx_word' id='word_1_264' title='bbox 709 3905 819 3977; x_wconf 90' lang='lat' dir='ltr'><strong>nimis</strong></span> <span class='ocrx_word' id='word_1_265' title='bbox 840 3905 994 3997; x_wconf 90' lang='lat' dir='ltr'><strong>proprio</strong></span> <span class='ocrx_word' id='word_1_266' title='bbox 1020 3923 1057 3975; x_wconf 92' lang='lat' dir='ltr'><strong>et</strong></span> <span class='ocrx_word' id='word_1_267' title='bbox 1081 3903 1176 3997; x_wconf 83' lang='lat' dir='ltr'><strong>justo</strong></span> <span class='ocrx_word' id='word_1_268' title='bbox 1202 3904 1348 3974; x_wconf 89' lang='lat' dir='ltr'><strong>arctiori</strong></span> <span class='ocrx_word' id='word_1_269' title='bbox 1375 3900 1606 3995; x_wconf 87' lang='lat' dir='ltr'><strong>intelligant,</strong></span> <span class='ocrx_word' id='word_1_270' title='bbox 1632 3922 1736 4008; x_wconf 88' lang='lat' dir='ltr'><strong>rogo.</strong></span> 
     </span>
    </p>
   </div>
   <div class='ocr_carea' id='block_1_6' title="bbox 328 4067 528 4082">
    <p class='ocr_par' dir='ltr' id='par_1_6' title="bbox 328 4067 528 4082">
     <span class='ocr_line' id='line_1_26' title="bbox 328 4067 528 4082; baseline -0.015 0"><span class='ocrx_word' id='word_1_271' title='bbox 328 4067 528 4082; x_wconf 48' lang='grc'><strong>*1-</strong></span> 
     </span>
    </p>
   </div>
   <div class='ocr_carea' id='block_1_7' title="bbox 393 4123 1913 4458">
    <p class='ocr_par' dir='ltr' id='par_1_7' title="bbox 398 4123 1735 4206">
     <span class='ocr_line' id='line_1_27' title="bbox 398 4123 1735 4206; baseline -0.01 -15"><span class='ocrx_word' id='word_1_272' title='bbox 398 4137 425 4206; x_wconf 91' lang='grc'><strong>1)</strong></span> <span class='ocrx_word' id='word_1_273' title='bbox 460 4133 569 4188; x_wconf 78' lang='lat' dir='ltr'><strong>Archiv</strong></span> <span class='ocrx_word' id='word_1_274' title='bbox 587 4133 634 4187; x_wconf 77' lang='lat' dir='ltr'><strong>litt</strong></span> <span class='ocrx_word' id='word_1_275' title='bbox 651 4129 842 4204; x_wconf 71' lang='lat' dir='ltr'><strong>Phyriologie.</strong></span> <span class='ocrx_word' id='word_1_276' title='bbox 860 4129 913 4188; x_wconf 61' lang='lat'>1³11.</span> <span class='ocrx_word' id='word_1_277' title='bbox 931 4133 997 4191; x_wconf 86' lang='lat' dir='ltr'><strong>Vll</strong></span> <span class='ocrx_word' id='word_1_278' title='bbox 1012 4147 1076 4206; x_wconf 82' lang='lat' dir='ltr'><strong>pag</strong></span> <span class='ocrx_word' id='word_1_279' title='bbox 1094 4146 1151 4201; x_wconf 84' lang='lat'>190.</span> <span class='ocrx_word' id='word_1_280' title='bbox 1293 4143 1295 4147; x_wconf 88' lang='lat'>·</span> <span class='ocrx_word' id='word_1_281' title='bbox 1368 4125 1397 4193; x_wconf 81' lang='lat'><strong>2)</strong></span> <span class='ocrx_word' id='word_1_282' title='bbox 1433 4123 1477 4182; x_wconf 77' lang='lat' dir='ltr'><strong>Cf.</strong></span> <span class='ocrx_word' id='word_1_283' title='bbox 1494 4127 1519 4192; x_wconf 71' lang='grc'><strong>5.</strong></span> <span class='ocrx_word' id='word_1_284' title='bbox 1535 4125 1644 4185; x_wconf 80' lang='lat' dir='ltr'><strong>XXIX.</strong></span> <span class='ocrx_word' id='word_1_285' title='bbox 1661 4136 1735 4184; x_wconf 83' lang='lat' dir='ltr'><strong>nott.</strong></span> 
     </span>
    </p>

    <p class='ocr_par' dir='ltr' id='par_1_8' title="bbox 393 4208 1633 4291">
     <span class='ocr_line' id='line_1_28' title="bbox 393 4208 1633 4291; baseline -0.01 -20"><span class='ocrx_word' id='word_1_286' title='bbox 393 4220 424 4291; x_wconf 80' lang='lat'><strong>3)</strong></span> <span class='ocrx_word' id='word_1_287' title='bbox 459 4217 505 4287; x_wconf 85' lang='lat' dir='ltr'><strong>Ej.</strong></span> <span class='ocrx_word' id='word_1_288' title='bbox 523 4218 557 4270; x_wconf 86' lang='lat' dir='ltr'><strong>de</strong></span> <span class='ocrx_word' id='word_1_289' title='bbox 575 4215 745 4268; x_wconf 74' lang='lat' dir='ltr'><strong>formatione</strong></span> <span class='ocrx_word' id='word_1_290' title='bbox 761 4213 848 4286; x_wconf 86' lang='lat' dir='ltr'><strong>pullr</strong></span> <span class='ocrx_word' id='word_1_291' title='bbox 864 4214 957 4274; x_wconf 84' lang='lat' dir='ltr'><strong>Lond,</strong></span> <span class='ocrx_word' id='word_1_292' title='bbox 977 4219 1053 4288; x_wconf 85' lang='lat'><strong>1669,</strong></span> <span class='ocrx_word' id='word_1_293' title='bbox 1075 4232 1136 4289; x_wconf 78' lang='lat' dir='ltr'><strong>pag.</strong></span> <span class='ocrx_word' id='word_1_294' title='bbox 1155 4220 1232 4276; x_wconf 80' lang='lat'><strong>4·-</strong></span> <span class='ocrx_word' id='word_1_295' title='bbox 1265 4208 1417 4284; x_wconf 79' lang='lat' dir='ltr'><strong>Appendix</strong></span> <span class='ocrx_word' id='word_1_296' title='bbox 1437 4211 1511 4279; x_wconf 74' lang='lat'><strong>¹⁶75</strong></span> <span class='ocrx_word' id='word_1_297' title='bbox 1526 4227 1587 4284; x_wconf 77' lang='lat' dir='ltr'><strong>pag</strong></span> <span class='ocrx_word' id='word_1_298' title='bbox 1606 4218 1633 4275; x_wconf 98' lang='lat'>4</span> 
     </span>
    </p>

    <p class='ocr_par' dir='ltr' id='par_1_9' title="bbox 395 4295 1282 4373">
     <span class='ocr_line' id='line_1_29' title="bbox 395 4295 1282 4373; baseline -0.01 -19"><span class='ocrx_word' id='word_1_299' title='bbox 395 4307 426 4372; x_wconf 81' lang='lat'><strong>4)</strong></span> <span class='ocrx_word' id='word_1_300' title='bbox 459 4298 616 4354; x_wconf 79' lang='lat' dir='ltr'><strong>Deurschea</strong></span> <span class='ocrx_word' id='word_1_301' title='bbox 633 4295 739 4350; x_wconf 74' lang='lat' dir='ltr'><strong>Archiv</strong></span> <span class='ocrx_word' id='word_1_302' title='bbox 760 4298 809 4350; x_wconf 81' lang='lat' dir='ltr'><strong>far</strong></span> <span class='ocrx_word' id='word_1_303' title='bbox 825 4297 1016 4373; x_wconf 79' lang='lat' dir='ltr'><strong>Physiologie.</strong></span> <span class='ocrx_word' id='word_1_304' title='bbox 1049 4297 1103 4353; x_wconf 85' lang='lat' dir='ltr'><strong>Bd</strong></span> <span class='ocrx_word' id='word_1_305' title='bbox 1121 4299 1145 4352; x_wconf 89' lang='lat' dir='ltr'><strong>l</strong></span> <span class='ocrx_word' id='word_1_306' title='bbox 1160 4311 1224 4367; x_wconf 81' lang='lat' dir='ltr'><strong>pag</strong></span> <span class='ocrx_word' id='word_1_307' title='bbox 1241 4306 1282 4357; x_wconf 80' lang='lat'><strong>18</strong></span> 
     </span>
    </p>

    <p class='ocr_par' dir='ltr' id='par_1_10' title="bbox 395 4371 1913 4458">
     <span class='ocr_line' id='line_1_30' title="bbox 395 4371 1913 4458; baseline -0.007 -18"><span class='ocrx_word' id='word_1_308' title='bbox 395 4388 425 4458; x_wconf 81' lang='lat'><strong>5)</strong></span> <span class='ocrx_word' id='word_1_309' title='bbox 460 4386 505 4455; x_wconf 86' lang='lat' dir='ltr'><strong>Ej</strong></span> <span class='ocrx_word' id='word_1_310' title='bbox 524 4383 615 4438; x_wconf 84' lang='lat' dir='ltr'><strong>Ueher</strong></span> <span class='ocrx_word' id='word_1_311' title='bbox 632 4381 678 4433; x_wconf 87' lang='lat' dir='ltr'><strong>die</strong></span> <span class='ocrx_word' id='word_1_312' title='bbox 699 4380 827 4457; x_wconf 82' lang='lat' dir='ltr'><strong>Bildnng</strong></span> <span class='ocrx_word' id='word_1_313' title='bbox 845 4381 892 4434; x_wconf 80' lang='lat' dir='ltr'><strong>des</strong></span> <span class='ocrx_word' id='word_1_314' title='bbox 909 4380 1153 4436; x_wconf 84' lang='lat' dir='ltr'><strong>Darmltaualsim</strong></span> <span class='ocrx_word' id='word_1_315' title='bbox 1172 4377 1337 4429; x_wconf 81' lang='lat' dir='ltr'><strong>bebrlltcten</strong></span> <span class='ocrx_word' id='word_1_316' title='bbox 1354 4371 1526 4431; x_wconf 67' lang='lat' dir='ltr'><strong>llichirchen.</strong></span> <span class='ocrx_word' id='word_1_317' title='bbox 1558 4375 1609 4433; x_wconf 80' lang='lat' dir='ltr'><strong>Ed</strong></span> <span class='ocrx_word' id='word_1_318' title='bbox 1629 4377 1763 4435; x_wconf 79' lang='lat' dir='ltr'><strong>Mrem</strong></span> <span class='ocrx_word' id='word_1_319' title='bbox 1779 4392 1842 4453; x_wconf 73' lang='lat' dir='ltr'><strong>pag</strong></span> <span class='ocrx_word' id='word_1_320' title='bbox 1854 4385 1913 4449; x_wconf 72' lang='lat'><strong>149.</strong></span> 
     </span>
    </p>
   </div>
   <div class='ocr_carea' id='block_1_8' title="bbox 394 4457 1929 4625">
    <p class='ocr_par' dir='ltr' id='par_1_11' title="bbox 394 4457 1929 4625">
     <span class='ocr_line' id='line_1_31' title="bbox 394 4457 1733 4539; baseline -0.013 -15.766"><span class='ocrx_word' id='word_1_321' title='bbox 394 4473 424 4539; x_wconf 79' lang='lat' dir='ltr'><strong>o)</strong></span> <span class='ocrx_word' id='word_1_322' title='bbox 462 4467 704 4539; x_wconf 77' lang='lat' dir='ltr'><strong>Medico-chirurg</strong></span> <span class='ocrx_word' id='word_1_323' title='bbox 709 4467 762 4518; x_wconf 78' lang='lat' dir='ltr'><strong>ical</strong></span> <span class='ocrx_word' id='word_1_324' title='bbox 781 4479 907 4522; x_wconf 81' lang='lat' dir='ltr'><strong>transcat.</strong></span> <span class='ocrx_word' id='word_1_325' title='bbox 926 4464 992 4524; x_wconf 88' lang='lat' dir='ltr'><strong>Vol</strong></span> <span class='ocrx_word' id='word_1_326' title='bbox 1011 4467 1046 4524; x_wconf 88' lang='lat' dir='ltr'>V</span> <span class='ocrx_word' id='word_1_327' title='bbox 1067 4481 1128 4538; x_wconf 73' lang='lat' dir='ltr'><strong>pag.</strong></span> <span class='ocrx_word' id='word_1_328' title='bbox 1145 4476 1205 4519; x_wconf 78' lang='lat'><strong>222</strong></span> <span class='ocrx_word' id='word_1_329' title='bbox 1448 4460 1477 4528; x_wconf 86' lang='lat'><strong>7)</strong></span> <span class='ocrx_word' id='word_1_330' title='bbox 1514 4457 1534 4516; x_wconf 95' lang='lat' dir='ltr'><strong>l</strong></span> <span class='ocrx_word' id='word_1_331' title='bbox 1551 4477 1574 4516; x_wconf 83' lang='lat' dir='ltr'><strong>c</strong></span> <span class='ocrx_word' id='word_1_332' title='bbox 1591 4476 1652 4535; x_wconf 69' lang='lat' dir='ltr'><strong>pag</strong></span> <span class='ocrx_word' id='word_1_333' title='bbox 1673 4475 1733 4527; x_wconf 82' lang='lat'><strong>¹50</strong></span> 
     </span>
     <span class='ocr_line' id='line_1_32' title="bbox 394 4547 1929 4625; baseline -0.007 -16.888"><span class='ocrx_word' id='word_1_334' title='bbox 394 4556 425 4625; x_wconf 75' lang='lat'><strong>8)</strong></span> <span class='ocrx_word' id='word_1_335' title='bbox 460 4554 603 4612; x_wconf 70' lang='lat' dir='ltr'><strong>Cierium</strong></span> <span class='ocrx_word' id='word_1_336' title='bbox 624 4553 917 4608; x_wconf 66' lang='lat' dir='ltr'><strong>litator-‚nmmum</strong></span> <span class='ocrx_word' id='word_1_337' title='bbox 947 4554 1054 4619; x_wconf 74' lang='lat' dir='ltr'><strong>„Aeque</strong></span> <span class='ocrx_word' id='word_1_338' title='bbox 1072 4561 1172 4602; x_wconf 78' lang='lat' dir='ltr'><strong>certant</strong></span> <span class='ocrx_word' id='word_1_339' title='bbox 1190 4560 1237 4607; x_wconf 80' lang='lat' dir='ltr'><strong>cst,</strong></span> <span class='ocrx_word' id='word_1_340' title='bbox 1255 4563 1347 4597; x_wconf 75' lang='lat' dir='ltr'><strong>nervos</strong></span> <span class='ocrx_word' id='word_1_341' title='bbox 1364 4556 1389 4595; x_wconf 83' lang='lat' dir='ltr'><strong>tt</strong></span> <span class='ocrx_word' id='word_1_342' title='bbox 1404 4547 1518 4609; x_wconf 75' lang='lat' dir='ltr'><strong>ganglia</strong></span> <span class='ocrx_word' id='word_1_343' title='bbox 1541 4548 1582 4594; x_wconf 80' lang='lat' dir='ltr'><strong>tol</strong></span> <span class='ocrx_word' id='word_1_344' title='bbox 1581 4547 1702 4596; x_wconf 74' lang='lat' dir='ltr'><strong>ammodo</strong></span> <span class='ocrx_word' id='word_1_345' title='bbox 1725 4547 1761 4596; x_wconf 75' lang='lat' dir='ltr'><strong>ab</strong></span> <span class='ocrx_word' id='word_1_346' title='bbox 1782 4547 1885 4596; x_wconf 67' lang='lat' dir='ltr'><strong>atterit}</strong></span> <span class='ocrx_word' id='word_1_347' title='bbox 1900 4557 1929 4598; x_wconf 80' lang='lat' dir='ltr'><strong>et</strong></span> 
     </span>
    </p>
   </div>
   <div class='ocr_carea' id='block_1_9' title="bbox 507 4626 1929 4785">
    <p class='ocr_par' dir='ltr' id='par_1_12' title="bbox 507 4626 1929 4785">
     <span class='ocr_line' id='line_1_33' title="bbox 508 4626 1929 4701; baseline -0.007 -11"><span class='ocrx_word' id='word_1_348' title='bbox 508 4644 584 4692; x_wconf 71' lang='lat' dir='ltr'><strong>ruello</strong></span> <span class='ocrx_word' id='word_1_349' title='bbox 601 4644 656 4691; x_wconf 85' lang='lat' dir='ltr'><strong>alia</strong></span> <span class='ocrx_word' id='word_1_350' title='bbox 676 4642 727 4698; x_wconf 78' lang='lat' dir='ltr'><strong>via,</strong></span> <span class='ocrx_word' id='word_1_351' title='bbox 744 4640 826 4687; x_wconf 79' lang='lat' dir='ltr'><strong>simul</strong></span> <span class='ocrx_word' id='word_1_352' title='bbox 836 4640 969 4701; x_wconf 76' lang='lat' dir='ltr'><strong>generari,</strong></span> <span class='ocrx_word' id='word_1_353' title='bbox 986 4639 1033 4698; x_wconf 79' lang='lat' dir='ltr'><strong>oli,</strong></span> <span class='ocrx_word' id='word_1_354' title='bbox 1051 4635 1146 4698; x_wconf 74' lang='lat' dir='ltr'><strong>augeri</strong></span> <span class='ocrx_word' id='word_1_355' title='bbox 1159 4634 1200 4682; x_wconf 77' lang='lat' dir='ltr'><strong>tel</strong></span> <span class='ocrx_word' id='word_1_356' title='bbox 1213 4631 1407 4683; x_wconf 70' lang='lat' dir='ltr'><strong>corroborari‘*</strong></span> <span class='ocrx_word' id='word_1_357' title='bbox 1445 4628 1494 4696; x_wconf 75' lang='lat' dir='ltr'><strong>(V.</strong></span> <span class='ocrx_word' id='word_1_358' title='bbox 1517 4627 1736 4681; x_wconf 78' lang='lat' dir='ltr'><strong>Denkschtilten</strong></span> <span class='ocrx_word' id='word_1_359' title='bbox 1758 4627 1806 4680; x_wconf 86' lang='lat' dir='ltr'><strong>det</strong></span> <span class='ocrx_word' id='word_1_360' title='bbox 1823 4626 1929 4680; x_wconf 71' lang='lat' dir='ltr'><strong>Altada-</strong></span> 
     </span>
     <span class='ocr_line' id='line_1_34' title="bbox 507 4713 1544 4785; baseline -0.011 -11"><span class='ocrx_word' id='word_1_361' title='bbox 507 4722 567 4774; x_wconf 81' lang='lat' dir='ltr'><strong>mie</strong></span> <span class='ocrx_word' id='word_1_362' title='bbox 585 4721 633 4774; x_wconf 86' lang='lat' dir='ltr'><strong>det</strong></span> <span class='ocrx_word' id='word_1_363' title='bbox 653 4718 892 4776; x_wconf 73' lang='lat' dir='ltr'><strong>wissenschaften</strong></span> <span class='ocrx_word' id='word_1_364' title='bbox 909 4737 946 4772; x_wconf 78' lang='grc' dir='ltr'><strong>ιιι</strong></span> <span class='ocrx_word' id='word_1_365' title='bbox 964 4717 1120 4773; x_wconf 69' lang='lat' dir='ltr'><strong>munchen.</strong></span> <span class='ocrx_word' id='word_1_366' title='bbox 1139 4725 1202 4779; x_wconf 84' lang='lat'>1811</span> <span class='ocrx_word' id='word_1_367' title='bbox 1224 4713 1282 4766; x_wconf 86' lang='lat' dir='ltr'><strong>und</strong></span> <span class='ocrx_word' id='word_1_368' title='bbox 1301 4724 1376 4777; x_wconf 77' lang='grc'>1811.</span> <span class='ocrx_word' id='word_1_369' title='bbox 1392 4727 1453 4785; x_wconf 82' lang='lat' dir='ltr'><strong>pag.</strong></span> <span class='ocrx_word' id='word_1_370' title='bbox 1474 4713 1544 4780; x_wconf 88' lang='grc'>181.)</span> 
     </span>
    </p>
   </div>
   <div class='ocr_carea' id='block_1_10' title="bbox 0 0 2300 5858">
    <p class='ocr_par' dir='ltr' id='par_1_13' title="bbox 0 0 2300 5858">
     <span class='ocr_line' id='line_1_35' title="bbox 0 0 2300 5858; baseline 0 11"><span class='ocrx_word' id='word_1_371' title='bbox 0 0 2300 5858; x_wconf 95' lang='lat' dir='ltr'><strong> </strong></span> 
     </span>
    </p>
   </div>
  </div>
 </body>
</html>
