4590 5858
335 678 403 731 tto

315 835 557 932 -pedetentim
584 830 757 916 efficitur,
787 825 855 922 qui
887 842 1012 898 tamen
1044 848 1115 922 ope
1146 826 1242 897 acidi
1272 824 1400 897 uitrici
1433 823 1549 900 diluti
1572 826 1807 924 aliquatenus
1832 832 1945 904 inter·
2034 848 2037 853 '

331 975 405 1066 cipi
427 989 560 1064 potest.

1033 1098 1062 1179 §.
1110 1099 1239 1168 XCIII.

478 1240 612 1335 Figura
634 1257 733 1307 nona
759 1231 907 1304 tabulae
928 1250 1071 1304 nostrae
1097 1231 1298 1327 imaginem
1322 1231 1463 1329 ganglii
1487 1231 1644 1303 coeliaci
1668 1232 1795 1334 magni
1821 1232 1947 1306 dextri

330 1366 454 1443 leteris
474 1371 650 1457 referens,
675 1373 856 1440 incessum
880 1363 1035 1437 filorum
1059 1365 1332 1436 nonnullorum
1358 1368 1465 1436 nervi
1495 1365 1745 1459 splanchnici,
1773 1369 1843 1455 etsi
1868 1393 1944 1440 non

331 1523 407 1576 tam
431 1506 676 1601 conspicuum
700 1527 814 1596 quam
839 1502 879 1571 in
903 1501 1059 1595 reliquis
1081 1498 1252 1597 gangliis‚
1276 1494 1517 1575 demonstrat.
1585 1502 1712 1573 Filum
1736 1503 1947 1574 medullato

331 1636 566 1718 hinteriora
591 1638 730 1734 ganglii
756 1652 897 1730 petens,
919 1633 1090 1706 surculos
1116 1634 1259 1706 arboris
1292 1634 1406 1706 instar
1435 1635 1484 1708 ad
1515 1636 1633 1708 latera
1664 1633 1842 1709 demittit.
1904 1643 1950 1708 Ιι

332 1791 435 1868 parte
460 1772 600 1871 ganglii
627 1768 641 1834 i
660 1771 734 1840 alia
757 1766 824 1840 fila
847 1767 1140 1862 conspiciuntur,
1163 1791 1329 1862 quorum
1352 1784 1479 1840 tamen
1489 1768 1751 1841 cohaesionem
1765 1793 1854 1841 cum
1866 1792 1949 1866 par·

333 1909 431 1978 tibus
457 1907 691 2008 vicinisnnon
717 1906 769 1974 ita
793 1904 916 1973 laxare
942 1902 1060 1995 potui,
1083 1919 1126 1971 ut
1149 1927 1364 1999 progressus
1389 1929 1437 1974 ex
1455 1903 1561 1976 omni
1573 1920 1679 1998 parte
1692 1905 1816 1997 palam
1829 1902 1949 1974 fieret.

333 2043 391 2111 De
418 2040 490 2110 hoc
513 2038 666 2114 tandem
686 2035 818 2107 crebre
842 2036 1072 2128 inspectione
1098 2038 1176 2130 ipso
1199 2054 1319 2110 certus
1345 2061 1445 2109 sum:
1470 2037 1590 2107 inesse
1600 2036 1777 2107 omnibus
1789 2036 1949 2132 gangliis

333 2173 503 2244 coeliacis
527 2170 683 2243 filorum
708 2167 977 2242 medullarium
1001 2171 1335 2244 minutissimorum
1354 2195 1503 2268 agmen,
1517 2165 1706 2264 ‘pulposaev
1719 2187 1847 2244 tomen
1865 2171 1950 2243 eub-

334 2307 488 2377 stentiae
510 2307 635 2377 multo
658 2307 804 2390 arctius,
829 2327 942 2398 quam
968 2303 1007 2372 in
1030 2304 1195 2392 caeteris,
1221 2309 1411 2379 coalitum.

486 2438 677 2534 Ganglia
703 2436 937 2529 hepaticis,
962 2437 1177 2525 lienalia‚
1201 2441 1400 2526 renatis,
1424 2440 1732 2511 mesenterica
1752 2454 1796 2509 et
1821 2438 1951 2533 phre-

333 2571 441 2643 nico·
455 2573 644 2657 coeliacis,
684 2569 785 2665 quod
811 2571 944 2641 attinet
960 2571 1165 2666 internam·
1187 2571 1382 2663 lubricam,
1403 2574 1652 2660 conveniunt,
1675 2594 1792 2665 quare
1818 2595 1951 2644 eorum

333 2725 495 2800 separata
517 2705 720 2800 descriptio
743 2726 972 2798 supervacua
1000 2703 1080 2774 visa
1104 2722 1166 2775 est.

484 2839 675 2936 Ganglia
699 2837 862 2924 tandem,
884 2860 981 2930 quae
1007 2836 1047 2905 in
1069 2840 1423 2912 extremitatum
1439 2842 1567 2914 nervis
1583 2865 1607 2911 a
1627 2838 1850 2934 quibusdam
1870 2864 1952 2913 ant·

334 2973 481 3044 tomicis
506 2998 702 3045 occurrere
724 2972 904 3047 dicuntur
931 2967 981 3057 ¹),
1006 2993 1197 3064 nunquam
1222 2972 1465 3069 deprehendi.
1524 2979 1616 3047 Sunt
1638 2971 1794 3069 quidem
1820 2975 1953 3067 (rarius

334 3104 474 3197 tomen)
506 3109 556 3181 in¹
576 3131 781 3180 nervorum
810 3106 1014 3201 spinolium
1043 3122 1111 3175 aut
1144 3109 1392 3180 cerebralium
1425 3110 1791 3181 anastomosibus
1820 3109 1954 3203 passim

293 3257 294 3260 ’
336 3239 530 3310 tubercula
552 3240 736 3333 quaedam
758 3242 951 3311 medullae
984 3264 1138 3310 nerveae
1167 3243 1282 3334 ipsius
1311 3260 1354 3310 et
1382 3241 1660 3324 neurilematis,
1695 3265 1794 3332 quae
1826 3259 1955 3313 temen

338 3369 540 3441 admodum
562 3372 687 3442 tenuia
711 3370 983 3458 tantummodo,
1008 3373 1106 3443 nihil
1139 3375 1318 3470 pulposee
1347 3371 1570 3445 substantiae
1594 3373 1745 3446 habent.
1800 3373 1954 3446 Deinde

339 3507 459 3598 quivis
483 3528 630 3594 nervus,
654 3506 865 3578 mechanica
887 3505 1050 3602 quadem
1071 3481 1227 3579 externa
1250 3510 1292 3579 vi
1314 3529 1554 3601 compressus,
1566 3524 1716 3578 tumere
1731 3507 1836 3594 solet,
1851 3508 1954 3601 quod

339 3662 369 3709 e.
395 3661 429 3736 g.
454 3641 494 3711 in
515 3667 635 3716 nervo
658 3641 825 3728 frontali,
851 3666 949 3737 pone
976 3642 1144 3714 foramen
1165 3641 1439 3738 cupraorbitale
1464 3643 1554 3713 ossis
1589 3640 1722 3713 frontis
1753 3640 1867 3712 nimis
1893 3667 1955 3714 ιιι·

337 3793 535 3871 gustatum,
556 3775 724 3849 accidere
745 3776 846 3870 vidi.;
871 3777 985 3850 talem
1007 3803 1100 3849 vero
1122 3795 1317 3852 tumorem
1339 3778 1407 3849 vix
1430 3775 1515 3864 erit,
1534 3777 1605 3871 qui
1624 3774 1740 3848 hodie
1759 3774 1818 3865 (ut
1838 3800 1955 3872 quon·-

341 3904 425 3980 dam
449 3915 603 3983 Temno
628 3888 783 4006 placuit)
808 3912 985 4008 ganglion
1005 3914 1219 4006 appellarit.

342 4171 541 4199 Ν--ι-ι

412 4333 441 4408 ²)
475 4337 518 4393 cf.
531 4358 559 4398 c.
573 4358 603 4417 g.
618 4342 746 4402 Lancm
763 4341 798 4397 de
815 4341 945 4419 gangliis.
995 4342 1047 4396 Ine
1072 4343 1237 4397 Moncaom
1255 4336 1372 4398 ddvcts.
1391 4354 1513 4396 anatom.
1535 4358 1598 4416 pag.
1619 4353 1678 4408 182.
1703 4357 1801 4408 mento
1821 4343 1893 4396 enlm
1908 4353 1961 4407 est,

530 4431 578 4494 qni
593 4433 701 4491 nesciet,
724 4433 825 4499 pusillo
846 4432 979 4498 quaedam
1000 4433 1134 4496 Gangen,
1155 4439 1201 4481 seu
1224 4431 1401 4494 Gangliornm
1420 4432 1576 4481 *rudimenta
1601 4432 1630 4480 in
1652 4445 1791 4481 nervorum
1816 4431 1918 4481 truncis
1939 4445 1962 4482 a

528 4514 625 4561 cervice
636 4530 687 4580 per
704 4528 813 4575 ventres,
830 4527 911 4582 atque
923 4529 986 4584 per
1001 4528 1099 4566 artus
1116 4516 1200 4564 ubivt's
1216 4516 1333 4565 Iocorum
1349 4517 1493 4569 ›Invenirif‘
1512 4510 1611 4563 -·1d
1629 4528 1663 4564 eo
1680 4510 1771 4584 magio
1787 4511 1896 4565 mirum
1914 4511 1961 4567 vl·

529 4589 622 4656 detur,
640 4612 698 4664 quo
718 4596 799 4650 brevi
814 4613 874 4670 post
894 4612 1008 4670 tyrones
1025 4597 1093 4649 attia
1111 4611 1298 4665 commonent,
1317 4616 1351 4652 ue
1370 4594 1500 4673 cingulos
1517 4614 1671 4652 nervorum
1694 4594 1796 4675 plexus
1818 4612 1871 4666 pto
1895 4612 1960 4668 per·

532 4671 612 4732 fecti·
630 4677 759 4752 Gcngliit
777 4679 920 4753 occipiunt,
