4590 5858
1012 1400 1277 1551 Caput
1351 1395 1485 1507 ΙΙΙ.
1580 1424 1584 1431 ·

645 1568 963 1760 Scecialia
998 1635 1116 1729 'de'
1145 1635 1544 1758 gangliorum
1601 1632 1852 1724 fabrica.

1147 1894 1347 1916 -nm

756 2071 797 2146 A.
875 2079 963 2148 Ordo
985 2077 1124 2173 primus.
1167 2063 1329 2171 ¹Gcrtglia
1354 2072 1539 2168 systematis
1565 2068 1748 2143 cerebratr.
1811 2128 1824 2151 ,

754 2210 761 2219 ·
993 2197 1032 2213 ”
1136 2215 1182 2325 §2
1220 2221 1353 2289 Lvm.
1561 2196 1568 2313 j
2029 2294 2032 2299 ,

587 2345 646 2420 Ad
671 2328 889 2445 experienda
913 2352 1039 2422 omnia
1064 2376 1105 2424 ac
1130 2351 1295 2450 singula,
1321 2373 1416 2447 quae
1441 2346 1550 2420 nobis
1577 2341 1741 2419 offerunt
1766 2332 1931 2442 ganglia,
1965 2322 2066 2413 acce?

436 2474 665 2554 dentimilri
692 2482 788 2554 utile
808 2483 933 2557 visum
951 2504 1023 2575 eet,¹
1040 2504 1238 2582 antequam
1258 2484 1431 2581 specialia
1451 2480 1683 2580 aggrederer,
1700 2479 1886 2552 rationem
1906 2458 2067 2562 adferre,L

437 2629 510 2710 qun
534 2640 623 2689 usus
649 2643 733 2687 sum
757 2618 798 2688 in
825 2616 1046 2693 'extricandie
1071 2622 1227 2694 internis
1251 2618 1490 2719 gangliorum
1512 2608 1692 2715 partibus,
1712 2614 1900 2712 ir'n'printis
1918 2589 2066 2682 medat-²

437 2751 594 2825 laribus.
644 2753 702 2818 Ita
726 2751 909 2824 nimirum
934 2752 1015 2827 fore
1042 2772 1162 2852 spero,
1187 2772 1230 2828 ut
1257 2779 1350 2851 quae
1377 2753 1572 2856 descripsi,
1603 2753 1645 2825 in
1677 2769 1878 2849 posterum·
1904 2747 1950 2818 ab
1982 2744 2065 2843 aliia

439 2907 589 2980 quoque
613 2882 759 2954 facilius
784 2867 944 2979 reperiri
970 2913 1011 2961 ac
1036 2890 1182 2988 perlegi
1207 2891 1360 2987 possint.
1387 2922 1439 2942 -··
1490 2884 1646 2984 Ganglia
1669 2902 1693 2957 'e
1719 2885 1895 2958 cadavere
1921 2879 2069 2953 desum·

438 3036 488 3107 ta,
513 3020 615 3114 quod
641 3017 843 3114 putredine
868 3020 1037 3099 nondum
1062 3028 1110 3099 eit
1131 3020 1320 3113 affectum,
1346 3046 1435 3121 prae
1461 3014 1616 3095 caeteris
1643 3046 1662 3093 a
1688 3021 1765 3093 tela
1792 3020 1973 3093 cellulosa
2001 3016 2071 3089 cir·

361 3257 365 3264 ἱ
439 3155 681 3245 cumjacente,
706 3164 842 3250 quante
865 3152 950 3228 fieri
975 3150 1110 3253 potest
1126 3154 1333 3257 diligentia,
1359 3175 1579 3256 purgentur.
1633 3163 1739 3226 Tunc
1755 3156 1892 3263 'tunica
1919 3152 2072 3250 propria

439 3289 480 3359 in
505 3284 787 3383 longitudinem
813 3285 1036 3379 diffindatur,
1063 3309 1103 3363 et
1121 3259 1310 3389 'paullum‘
1324 3292 1567 3400 distrahatur,¹
1599 3284 1746 3365 servata·
1773 3308 1898 3362 tamen
1924 3289 2071 3391 interna

440 3416 657 3495 substantia.
706 3426 830 3494 Massa
854 3449 956 3495 nunc
980 3448 1074 3522 aqua
1095 3451 1188 3522 pura
1213 3425 1556 3526 'superinfundat'ur‚
1582 3424 1622 3497 in
1644 3440 1716 3522 q'na
1735 3412 1906 3521 derecto
1922 3423 2072 3496 dierum

441 3556 603 3651 epatium
627 3575 829 3646 remaneat,
854 3576 1027 3636 renovata
1052 3579 1177 3636 tamen
1201 3560 1373 3660 'quotidie
1392 3587 1494 3658 aqua.
1547 3560 1664 3633 Sicuti
1685 3586 1812 3635 omnes
1826 3560 1934 3632 nervi
1946 3546 2088 3651 multo·

442 3689 581 3763 tardius
607 3693 846 3789 putrescunt
864 3719 976 3790 quam
1002 3717 1145 3773 ceterae
1171 3699 1339 3798 corporis
1365 3716 1499 3794 partes,
1524 3696 1577 3768 sic
1604 3716 1642 3768 et
1667 3697 1817 3795 ganglia
1844 3708 1926 3768 sero
1944 3680 2074 3793 p‘utress

443 3822 532 3897 dine
559 3825 797 3901 adficiuntur.
846 3835 940 3904 Octo
966 3832 1044 3908 dies
1068 3836 1196 3932 itaque
1221 3833 1324 3909 haud
1348 3859 1433 3906 raro
1458 3830 1506 3907 ad
1531 3808 1798 3904 emolliendam
1820 3829 2073 3901 secundariam

443 3962 687 4037 substantiam
721 3986 799 4037 non
829 3962 1031 4057 sufficiuntss
1068 3989 1113 4043 ut
1143 3975 1304 4066 spatium
1335 3938 1435 4042 illud
1466 3959 1663 4066 protegari
1693 3990 1837 4039 necesse
1861 3964 1920 4036 sit.
1966 3926 2074 4032 ¹[lbi

427 4118 570 4211 ¹antem
586 4104 721 4174 haecce
739 4098 953 4174 secundaria
974 4104 1174 4177 substantia
1194 4109 1278 4180 satis
1297 4107 1448 4179 mollita
1464 4121 1528 4190 est,
1550 4100 1760 4174 eximantur
1780 4097 1938 4200 ganglia,
1955 4092 2077 4193 Pull’¹

446 4259 538 4305 vero
564 4236 814 4310 instrumento
837 4234 1001 4332 quodam
1027 4239 1161 4314 obtuso
1195 4244 1368 4340 paullum
1400 4236 1633 4313 distendatur
1666 4238 1778 4309 etad
1809 4239 1924 4310 latere
1955 4252 2077 4304 remo·

329 4477 334 4483 .
447 4386 589 4454 ventur,
615 4394 690 4462 quo
715 4371 871 4442 tandem
897 4369 964 4443 fila
990 4374 1211 4449 medullaria
1238 4376 1436 4450 albicantia
1452 4374 1496 4448 ¹in
1511 4393 1751 4470 conspectum
1764 4375 1935 4444 veniunt.
1975 4371 2078 4462 Quae

449 4521 574 4577 autem
598 4527 686 4574 cnm
712 4524 867 4598 propter
892 4508 1096 4581 mollitiem
1122 4531 1159 4582 et
1185 4515 1352 4586 colorem
1379 4512 1592 4600 obscurum,
1629 4510 1852 4589 ulteriorem
1876 4502 2080 4600 indagatio·

447 4664 537 4711 nem
563 4635 825 4709 difficillimam
851 4661 890 4713 et
916 4643 994 4715 iere
1020 4645 1294 4742 impossibilem
1325 4649 1503 4739 reddant,
1536 4672 1685 4720 necesse
1716 4662 1791 4729 est,
1823 4661 1867 4714 ut
1899 4640 2081 4730 majorem

450 4773 628 4847 duritiem
656 4793 692 4847 et
718 4780 834 4875 magis
861 4783 1103 4875 conspicuum
1128 4785 1296 4858 colorem
1322 4788 1493 4862 induant.
1546 4784 1615 4854 Cui
1637 4783 1692 4853 rei
1715 4780 1815 4851 nihil
1840 4776 1964 4875 aptius
1982 4769 2082 4845 milti
