4590 5858
1887 666 1955 719 121

346 831 563 917 conducere,
588 847 632 902 ut
656 827 696 899 in
721 825 794 898 hoc
817 823 1066 913 reflectantur,
1092 841 1131 896 et
1155 848 1223 896 nos
1250 847 1376 898 aarum
1401 823 1537 895 conscii
1561 824 1686 898 simus.
1744 827 1830 900 Hoc
1854 826 1956 898 enim

342 971 451 1042 nullo
478 968 551 1040 alio
577 986 726 1060 organo,
753 983 865 1066 quam
890 959 1043 1035 cerebro
1068 960 1149 1063 ipso
1174 958 1260 1032 fieri
1287 985 1402 1059 posse,
1438 957 1555 1032 mihi
1581 963 1784 1038 certissime
1809 982 1955 1057 persua·

341 1130 425 1178 sum
449 1102 580 1178 habeo.

1068 1224 1101 1319 5.
1152 1236 1226 1303 cn.

491 1373 534 1441 c.
585 1373 682 1462 Quo
707 1364 930 1462 pluribus
954 1365 1158 1463 gangliis
1185 1388 1285 1459 pars
1312 1367 1531 1459 quaedam
1558 1369 1771 1466 corporis
1794 1386 1952 1439 acere·

339 1504 422 1580 bro
448 1501 668 1593 sejuncta,
694 1523 744 1569 co
770 1499 911 1595 magis
936 1498 1073 1588 hujus
1099 1499 1297 1593 imperio
1324 1498 1517 1576 deducta
1544 1522 1614 1575 est
1644 1499 1692 1592 ¹).

489 1641 675 1729 Respectu
706 1633 817 1725 liujus
850 1631 1049 1704 sententiae
1081 1634 1160 1707 Cel.
1193 1637 1300 1705 Gann
1327 1631 1363 1723 ²)
1396 1635 1637 1723 adsentimus,
1675 1657 1787 1730 quum
1817 1653 1953 1727 nempe

338 1785 425 1843 cum
451 1794 496 1841 eo
522 1768 671 1839 veritati
695 1790 772 1839 non
797 1769 907 1862 plane
933 1789 1136 1861 congtuam
1162 1792 1238 1839 esse
1259 1785 1441 1864 putamus.
1492 1776 1587 1842 Tota
1601 1770 1701 1839 enim
1715 1767 1953 1864 gangliorum

336 1907 445 1976 nervi
470 1903 692 1996 sympathici
718 1900 847 1985 series,
886 1923 906 1969 a
937 1902 1060 1994 primo
1091 1925 1127 1997 g.
1161 1902 1335 1974 cervicali
1365 1927 1482 1997 usqua
1517 1902 1564 1973 ad
1597 1904 1775 1974 ultimum
1799 1898 1953 1988 sacrale,

336 2036 512 2107 continuo
538 2037 648 2106 ramis
674 2033 1050 2119 communicantibus,
1087 2031 1252 2122 ejusdem
1283 2033 1362 2105 fere
1392 2035 1514 2108 ubivis
1546 2035 1826 2130 magnitudinis,
1865 2057 1953 2106 cum

336 2164 505 2238 medulla
531 2168 663 2260 spinuli
689 2164 939 2260 conjungitur,
964 2167 1016 2234 ita
1041 2182 1085 2234 ut
1106 2165 1217 2254 hujus
1243 2192 1314 2262 ope
1341 2169 1491 2263 ganglio
1516 2167 1646 2239 sacrali
1668 2167 1806 2238 ultimo
1822 2164 1954 2242 eadem

337 2300 455 2372 ferme
482 2298 663 2371 connexio
689 2320 775 2367 cum
801 2297 967 2402 cerebro,
993 2320 1104 2391 quam
1130 2301 1252 2392 primo
1275 2300 1454 2388 ,cerviclli
1479 2302 1539 2372 sit.
1574 2334 1626 2353 -
1687 2300 1844 2394 Aliquid
1868 2296 1952 2370 veri

337 2455 461 2508 autem
486 2435 577 2504 huic
602 2432 771 2526 opinioni
796 2430 993 2526 permultis
1024 2431 1103 2501 illis
1135 2435 1291 2530 gangliis
1322 2433 1497 2504 accedere
1531 2432 1701 2519 videtur,
1735 2457 1829 2526 quae
1853 2457 1889 2504 e.
1913 2453 1950 2526 g·

336 2569 481 2665 organis
506 2564 715 2639 abdominis
739 2564 929 2660 proposita
954 2583 1056 2653 aunt,
1081 2564 1182 2636 unde
1207 2567 1361 2637 omnino
1386 2568 1552 2662 quaestio
1579 2568 1715 2639 oritur:
1750 2565 1782 2636 si
1807 2587 1950 2635 unum

335 2703 511 2802 ganglion
537 2693 658 2770 eidem
686 2697 870 2768 functioni
893 2697 1149 2793 praestandae,
1174 2714 1219 2770 ut
1244 2701 1371 2794 plura,
1402 2725 1469 2795 par
1499 2702 1561 2787 sit,
1594 2723 1747 2772 curnam
1778 2698 1836 2769 his
1871 2716 1950 2773 tam

334 2837 436 2908 varia
461 2853 499 2905 et
524 2835 644 2904 multa
670 2833 868 2904 constituta
895 2831 995 2909 sint?
1051 2841 1226 2904 Attamen
1250 2857 1292 2903 re
1318 2835 1484 2905 alienum
1516 2859 1592 2906 esse
1626 2835 1818 2917 existimo,
1851 2833 1949 2902 vires

333 2970 570 3069 gangliorum
596 2963 801 3035 secundum
827 2987 958 3034 eorum
984 2989 1183 3036 numerum
1215 2983 1446 3059 computare,
1477 2990 1641 3059 quorum
1671 2965 1816 3059 singula
1842 2987 1862 3034 a
1885 2987 1948 3035 aa·

332 3124 418 3176 tura
442 3105 493 3173 ita
519 3115 725 3192 comparata
750 3114 846 3182 sunt,
870 3115 914 3166 ut
940 3121 1076 3168 unum
1101 3098 1201 3170 tertii
1226 3097 1367 3169 ordinis
1383 3085 1514 3169 ¹multo
1531 3100 1645 3194 magis
1657 3096 1947 3170 conductionem

332 3237 582 3310 sensationnm
607 3229 811 3325 infringere
836 3232 959 3323 possit,
990 3254 1101 3323 quam
1133 3249 1296 3303 cuncta
1327 3231 1478 3302 secundi
1510 3231 1650 3302 ordinis
1682 3232 1830 3328 ganglia
1859 3254 1946 3300 con·

330 3371 506 3462 junctim,
543 3359 689 3458 sin'gula
722 3384 811 3458 ergo
842 3364 1021 3438 ratione
1054 3359 1225 3433 virium
1253 3367 1416 3440 maxime
1440 3367 1541 3436 inter
1566 3389 1603 3436 se
1628 3358 1803 3438 differant
1828 3360 1946 3453 (conis

330 3502 362 3592 §-
387 3497 509 3593 cm).

1048 3596 1078 3675 §.
1129 3599 1221 3668 ent

480 3739 679 3828 Postquam
702 3731 880 3801 hactenus
906 3753 926 3799 a
951 3725 973 3822 §
1001 3732 1029 3798 C
1056 3753 1076 3799 e
1101 3728 1290 3800 sententiis
1315 3729 1502 3821 virorum,
1532 3732 1598 3828 qui
1622 3729 1862 3827 explicationi
1887 3754 1942 3802 se.

330 3870 493 3958 cundum
519 3867 699 3961 principia
725 3864 917 3955 dynamica
944 3865 1132 3939 institutae
1158 3861 1292 3951 favent,
1318 3867 1461 3959 protuli
1488 3884 1525 3938 et
1550 3866 1694 3963 digessi,
1719 3889 1813 3960 quae
1836 3888 1940 3936 meae

329 4007 531 4077 sententiae
560 4003 754 4088 contraria,
777 3998 936 4092 ideoque
961 3998 1066 4089 justis
1085 3998 1298 4084 ratiociniis,
1312 4012 1491 4093 quantum
1504 4001 1608 4072 locus
1620 3997 1869 4095 permittebat,
1881 4021 1938 4067 rs-

327 4134 477 4211 futanda
502 4132 733 4219 videbantur,
758 4176 809 4194 -
835 4156 876 4202 ea
901 4155 1010 4216 nunc,
1037 4155 1130 4225 quae
1156 4133 1305 4202 veritati
1329 4151 1569 4206 consentanea
1595 4152 1704 4228 puto,
1728 4156 1936 4228 proponen-

327 4276 385 4363 da,
411 4289 450 4343 et
476 4285 655 4364 quantum
681 4263 765 4335 fieri
791 4281 922 4358 potest,
948 4263 1185 4336 dilucidanda
1211 4287 1355 4339 censeo.

377 4417 408 4484 1.
434 4405 625 4500 Ganglia
650 4401 858 4495 corporis
883 4400 1081 4486 humani,
1106 4416 1258 4472 centra
1279 4423 1526 4472 nervorum
1552 4397 1767 4501 dispersa,
1790 4399 1930 4474 actio·

324 4560 524 4580 -nuu—-F

394 4635 424 4704 ι)
459 4632 502 4687 Cf.
519 4632 716 4696 Aomnnnns,
732 4622 915 4702 Physiologis
932 4639 982 4684 otc.
1000 4624 1053 4686 Bd,
1071 4627 1122 4684 ΙΙΙ,
1139 4628 1164 4694 l.
1183 4639 1241 4698 372.
1255 4643 1370 4706 pag51.
1384 4657 1419 4674 -
1435 4629 1510 4682 llnn
1526 4630 1642 4694 Archiv,
1659 4629 1856 4700 Bd,V11.pag.
1866 4638 1927 4693 ²²7·

393 4736 423 4805 ι)
458 4733 502 4802 Ej.
520 4732 670 4787 Anatomie
687 4729 746 4785 and
765 4727 949 4803 Physiologis
966 4726 1013 4782 des
1028 4727 1272 4801 Nemnsystsms.
1306 4729 1360 4790 Bd.
1379 4732 1400 4791 Ι,
1417 4745 1480 4806 pag,
1497 4744 1540 4799 88,
1706 4711 1711 4724 ⁸

1338 4844 1465 4946 Q„
