4590 5858
439 718 500 800 ,68

328 945 332 954 ,
437 896 750 983 repraesentante.
786 874 875 959 nic
898 871 1121 964 neutiquam
1153 880 1198 937 ut
1230 862 1271 936 iu
1302 887 1507 937 nervorum
1539 861 1719 939 funiculis
1750 884 1862 964 atque
1894 865 2072 963 plexibus

441 1020 662 1117 dispositu,
695 1033 734 1088 et
766 1005 1015 1087 commodiori
1047 997 1322 1087 distributioni,
1354 1002 1616 1077 commixtioni
1641 1021 1706 1076 aut
1731 1001 1977 1094 disjunctioni*
1990 1021 2074 1077 tan·

443 1177 529 1235 tum
553 1154 756 1228 destinatus
782 1163 944 1245 apparet.
1005 1143 1101 1213 Sunt
1124 1157 1264 1234 nempe
1289 1136 1430 1237 singuli
1455 1139 1553 1211 telae
1578 1140 1737 1215 cancelli
1759 1158 1798 1212 et
1817 1139 2004 1213 vesiculae
2026 1138 2075 1215 ad

440 1319 565 1369 unum
579 1314 720 1363 omnes
746 1287 861 1386 pulpa
886 1277 1048 1377 quadam
1073 1272 1272 1374 singulari,
1305 1273 1575 1373 mucilaginosa
1600 1293 1663 1347 aut
1686 1277 1909 1375 gelatinosa,
1939 1275 2075 1346 consti·

443 1445 539 1529 pata,
566 1428 653 1503 satis
680 1446 819 1511 tenace,
843 1415 987 1502 referti,
1011 1447 1063 1469 ···
1087 1413 1148 1484 cui
1174 1411 1282 1482 color
1307 1410 1631 1507 quamplurimum
1647 1412 2016 1498 tubello-cinereus,
2034 1411 2076 1482 iu

445 1565 642 1642 nonnullis
667 1560 828 1662 gangliis
854 1552 973 1650 magis
998 1547 1209 1624 flavescens.
1234 1581 1287 1604 ·-
1337 1551 1440 1644 Quae
1466 1563 1620 1622 externe
1642 1566 1706 1621 aut
1732 1548 1887 1644 physica
1911 1547 2078 1621 substan·

444 1703 523 1777 riae
550 1697 786 1773 secundariae
811 1694 914 1791 signa
940 1710 1027 1772 cum
1052 1684 1164 1774 mihi,
1188 1682 1269 1776 ejus
1293 1699 1466 1761 naturam
1489 1684 1607 1781 magis
1633 1682 1855 1782 indagatum
1863 1682 2078 1772 ,·.nonduut

449 1835 677 1923 sufficerent,
713 1829 899 1904 chemiam
930 1826 970 1896 iu
1002 1847 1115 1893 usum
1146 1845 1279 1896 vocare
1311 1820 1466 1916 placuic
1539 1821 1616 1895 Hic
1642 1837 1769 1893 entem
1793 1846 1885 1896 mox
1909 1820 2080 1897 chemise

447 1976 620 2050 animalis
645 1986 761 2041 status
788 1986 940 2036 mancus
966 1959 1136 2030 laborem
1161 1973 1378 2050 susceptum
1404 1954 1506 2028 haud
1530 1952 1769 2027 mediocriter
1795 1956 1942 2028 fefellit.
1999 1955 2082 2028 Ali·

450 2108 545 2211 quid
570 2127 757 2203 quaerens,
784 2097 886 2194 quod
910 2113 1040 2203 aptum
1063 2109 1166 2179 esset,
1194 2089 1241 2163 ad
1262 2089 1503 2164 substantiam
1521 2088 1703 2164 vesiculas
1722 2092 1941 2187 explentem
1960 2091 2082 2164 solam

449 2241 680 2326 solvendam,
706 2239 830 2310 minus
856 2232 954 2304 mihi
979 2228 1148 2326 contigit,
1174 2243 1216 2300 ut
1242 2251 1264 2299 e
1289 2225 1400 2298 variis
1425 2226 1652 2313 invenirem,
1685 2225 1788 2322 qnod
1814 2244 1902 2298 voto
1928 2249 2082 2322 respon.

452 2384 572 2458 deret.
622 2372 738 2451 Aoida
762 2384 997 2446 concontrata
1022 2383 1143 2438 totam
1168 2385 1388 2459 compagem
1412 2382 1700 2457 corrupuerunt,
1719 2361 1841 2463 diluta
1862 2363 2082 2437 contractio·

450 2545 540 2597 nem
566 2500 1046 2589 solummodoeffecenmt.
1104 2505 1188 2596 Ope
1211 2498 1366 2594 quidem
1390 2497 1585 2592 liquorum
1612 2499 1865 2593 alkalinorum
1889 2498 2082 2571 saturatio·

452 2678 539 2726 rum
567 2645 774 2721 substantia
798 2639 1020 2714 medullaris
1044 2635 1170 2713 ‘soluta
1193 2634 1276 2719 fuit,
1302 2630 1585 2722 sediuterjecto
1604 2635 1732 2732 aliquo
1749 2656 1920 2732 ternpore
1941 2637 2083 2732 puriter

453 2786 614 2884 pulposa
638 2793 825 2872 corrupta,
850 2775 902 2847 ita
926 2790 972 2845 ut
995 2772 1071 2843 tela
1094 2768 1286 2842 cellularis
1312 2784 1469 2855 tantum,
1495 2785 1656 2844 attamen
1679 2797 1758 2845 non
1782 2771 1941 2871 integra,
1966 2793 2085 2842 reme·

454 2937 561 2995 neret
587 2934 656 2991 etc·
709 2918 792 3012 Quo
816 2909 968 2984 tandem
994 2933 1015 2980 a
1039 2931 1084 2982 re
1110 2903 1290 2978 desistere
1316 2920 1463 2975 coactus
1489 2902 1555 2976 fui.

1148 3104 1180 3200 §.
1230 3083 1397 3179 xuvm.

609 3283 788 3356 Colorem
818 3277 1192 3377 rubum-cinereum
1222 3272 1448 3350 substantiae
1478 3278 1715 3353 secundariae
1752 3226 1933 3377 peculiari
1971 3232 2085 3375 atque

458 3421 640 3526 singulari
665 3414 925 3489 constitutioni
952 3411 1119 3523 tribuere
1144 3409 1288 3496 malim,
1313 3433 1425 3506 quam
1451 3439 1604 3512 magnae
1629 3376 1816 3514 sauguinis
1841 3413 1970 3515 copiae
1994 3411 2085 3501 soli,

458 3585 552 3660 quae
577 3557 667 3631 huic
693 3553 848 3624 omnino
874 3549 1084 3625 advehitur.
1145 3546 1184 3617 si
1211 3548 1357 3643 sanguis
1383 3547 1520 3647 majori
1534 3566 1606 3647 'aut
1629 3512 1770 3623 minori
1796 3529 1999 3655 quantitate
2022 3545 2085 3619 ad·

458 3698 591 3772 ductus
617 3714 845 3789 organorum
872 3687 1040 3759 colorem
1066 3684 1192 3796 solum
1218 3686 1471 3772 constitueret,
1496 3681 1600 3757 unde
1626 3685 1779 3759 tandem
1793 3685 1998 3786 ‘diversitas
2023 3705 2086 3756 co·

457 3835 586 3935 lorum
612 3827 765 3926 splenis,
790 3824 959 3921 capsulae
985 3818 1243 3910 atrabiliariae‚
1255 3819 1454 3931 glandulae
1470 3819 1722 3929 thyreoideae,
1734 3802 2083 3923 gaugliorumetcf?

458 3975 635 4043 Attamen
658 3960 803 4036 inficias
826 3959 885 4032 ire
909 3961 1048 4046 nolim,
1079 3956 1267 4065 sanguinis
1301 3924 1449 4062 copiam
1481 3954 1529 4028 ad
1566 3955 1894 4063 entormdapaeq
1926 3979 2085 4056 organa,

392 4202 394 4208 y
459 4125 553 4195 quae
579 4099 703 4172 multo
729 4121 814 4168 sane
846 4119 981 4167 cruore
1012 4093 1178 4188 praedito
1208 4112 1314 4185 sunt,
1346 4062 1530 4191 aliquid
1567 4087 1718 4184 afferre,
1758 4115 1846 4198 cunt
1879 4088 1933 4193 {ul
1964 4115 2085 4195 unuln

461 4236 586 4305 omnia
612 4235 829 4305 saturatiore
855 4231 983 4303 colore
1010 4231 1123 4302 tincta
1149 4233 1235 4308 sint.
1776 4190 1781 4201 ⁹
1980 4198 1986 4215 ⁸

612 4405 703 4474 Non
727 4400 851 4473 ubivis
877 4397 1014 4499 eodem
1038 4400 1153 4475 modo
1178 4401 1396 4479 secundaria
1420 4402 1620 4477 substantia
1637 4402 1855 4500 primariam
1873 4396 2009 4497 cingit3
2040 4394 2084 4468 in

461 4539 618 4641 gangliis
644 4533 795 4607 secundi
817 4533 958 4606 ordinis
984 4533 1224 4632 (spinalibus)
1249 4541 1433 4612 nimirtun
1458 4540 1580 4612 laxior
1606 4537 1796 4636 disposita,
1822 4537 1958 4641 inillis
1974 4534 2083 4608 tenti

459 4675 603 4773 ordinis
627 4671 791 4745 tenacior
812 4667 894 4751 ,fitis
920 4671 1167 4800 circumjacet,
1225 4683 1269 4759 In
1293 4661 1353 4759 his
1375 4642 1860 4780 'uemp'd'ctratosexteriori
1885 4665 2083 4782 eleaniori

460 4811 685 4884 substantiae
708 4803 1130 4905 medullaris,tanqnam
1149 4811 1366 4915 -insicasest,
1388 4814 1435 4885 ui
1459 4811 1655 4924 utriusque
1688 4811 1869 4909 separatio
1888 4833 1979 4882 :non
2007 4802 2084 4879 nisi
