4590 5858
1905 688 1956 767 97

334 844 552 937 praesertim
577 844 607 915 si
634 843 708 916 duo
735 845 830 915 rami
866 843 1179 918 communicantes
1212 844 1347 933 adsint,
1384 844 1522 918 honrm
1554 846 1800 936 exteriorem,
1834 846 1955 925 radici

335 981 511 1052 anteriori
533 981 605 1085 soli
630 981 840 1070 injunctum
867 1004 945 1055 esse
970 979 1091 1058 videri
1118 977 1219 1069 (vide
1241 1007 1272 1052 e.
1297 1004 1333 1078 g.
1358 977 1423 1076 fig.
1450 985 1545 1053 VIII.
1573 980 1631 1052 26.
1658 1000 1721 1076 27,
1747 978 1834 1071 28).
1884 988 1953 1058 Va.

334 1133 547 1188 runatamen
572 1141 613 1185 re
639 1114 853 1211 diligentius
880 1112 1117 1202 considerata,
1141 1137 1289 1211 semper
1307 1111 1373 1185 fila
1392 1117 1572 1197 nonnulla
1590 1117 1770 1220 posticam
1785 1119 1953 1201 radicem

334 1248 583 1345 ingredientia
608 1250 858 1343 reperiuntur.

536 1383 741 1455 Substantia
772 1383 868 1455 rami
901 1381 1205 1458 communicantis
1236 1381 1298 1453 illi
1327 1407 1529 1458 nervorum
1557 1364 1758 1479 spinalium
1788 1410 1953 1487 congrua

335 1543 410 1590 esse
437 1517 609 1612 videtur3
643 1542 738 1610 quae
764 1536 888 1590 tamen
914 1519 1065 1615 ganglia
1090 1515 1198 1588 nervi
1222 1520 1446 1612 sympathici
1472 1519 1657 1593 adunam
1681 1521 1821 1597 lineam
1846 1524 1952 1597 circi·

334 1672 392 1723 ter
418 1654 539 1723 vicina
563 1653 700 1725 sensim
725 1653 922 1735 rubescere
948 1669 987 1725 et
1012 1669 1182 1733 naturam
1206 1653 1315 1733 nervi
1339 1657 1542 1748 systematis
1566 1659 1769 1763 vegetatiri
1793 1655 1951 1734 induero

330 1788 475 1883 napta
1232 1763 1237 1771 ’

386 2102 421 2171 C.
476 2102 666 2199 Ganglio
705 2106 833 2175 tertii
868 2109 1054 2194 ordinis,
1090 2108 1332 2201 systematis
1369 2108 1490 2188 nervi
1523 2106 1783 2210 sympathici
1816 2106 1900 2205 (ui

1028 2245 1241 2337 galatiae).

1018 2411 1052 2502 §0
1101 2418 1270 2487 Lxxxt.

485 2541 610 2614 Cuivis
635 2546 781 2642 ganglia
808 2546 953 2642 singula
983 2549 1186 2640 systematis
1219 2549 1418 2644 vegetativi
1449 2546 1660 2621 observanti
1688 2547 1800 2620 facile
1827 2562 1952 2644 patet,

331 2681 434 2752 idem
461 2702 550 2759 esse,
576 2695 706 2748 utrum
732 2704 780 2751 ex
805 2682 998 2777 superiore
1030 2683 1196 2778 corporis
1229 2700 1334 2778 parte
1359 2709 1380 2755 a
1404 2682 1563 2783 gangliis
1593 2683 1836 2756 cervicalibus
1862 2688 1953 2769 etei.

332 2839 377 2885 an
405 2839 453 2886 ex
477 2811 706 2883 abdominali
732 2834 835 2909 parte
861 2839 881 2886 a
907 2816 1064 2913 gangliis
1096 2816 1295 2890 sscralibus
1321 2834 1391 2891 etc.
1423 2818 1749 2916 investigationem
1782 2815 1952 2911 incipiat,

330 2962 382 3001 -‘
408 2950 436 3017 si
463 2970 598 3038 nempe
622 2970 748 3017 secum
774 2967 934 3043 reputet,
958 2951 1032 3020 hoc
1058 2967 1216 3041 systema
1242 2968 1346 3023 certo
1371 2973 1449 3021 non
1474 2975 1521 3022 ex
1546 2951 1622 3024 alio
1648 2948 1812 3047 quodam
1837 2962 1952 3038 systa-

330 3097 429 3152 mate
455 3103 606 3167 nerveo,
633 3080 711 3151 sive
737 3082 930 3155 cerebrino
957 3083 1034 3156 sive
1060 3083 1208 3179 spinali,
1229 3085 1353 3182 gigni,
1378 3085 1519 3181 quippe
1545 3083 1646 3180 quod
1672 3082 1807 3179 procul
1833 3078 1952 3151 dubio

268 3316 272 3321 Ι
330 3240 398 3312 per
424 3240 471 3301 se,
497 3215 651 3309 proprio
677 3215 899 3288 facultatum
923 3215 1039 3304 fonte,
1064 3216 1111 3289 ab
1136 3216 1208 3289 illo
1235 3234 1467 3290 caeterorum
1491 3235 1735 3311 systematum
1766 3202 1954 3306 sejuncto,

328 3348 557 3446 producatur
579 3368 617 3420 et
641 3352 831 3421 increscat.
882 3342 977 3419 Crun
1002 3350 1153 3420 veroin
1175 3350 1345 3443 qualibet
1363 3344 1569 3423 anatomIca
1588 3347 1837 3442 explicatione
1855 3342 1952 3416 ordo

330 3504 451 3556 certus
478 3506 590 3575 quam
617 3481 780 3551 inarime
805 3483 854 3551 sit
878 3481 1115 3568 necessarius,
1139 3484 1244 3552 ultro
1265 3485 1433 3577 citroque
1451 3499 1579 3555 mente
1599 3481 1746 3578 agitari,
1764 3503 1857 3550 num
1875 3502 1952 3552 me·

327 3618 404 3689 lius
430 3633 533 3703 esset,
557 3632 685 3686 contra
710 3631 930 3684 consuetum
956 3612 1130 3684 ordinem
1158 3640 1206 3685 ex
1231 3613 1460 3685 abdominali
1486 3617 1691 3707 systematis
1718 3629 1848 3684 centro
1868 3634 1952 3685 rem

329 3750 492 3851 aggredi,
517 3774 563 3819 an
588 3749 712 3844 potius
739 3774 786 3820 ex
809 3747 993 3843 superiori
1021 3744 1167 3842 (capitis
1193 3765 1230 3819 et
1256 3744 1360 3833 colli)
1387 3764 1490 3842 parte
1516 3746 1695 3818 inferiora
1726 3769 1855 3818 versus
1889 3744 1954 3817 de·

330 3885 515 3956 scendere.
567 3885 643 3955 Hic
669 3900 792 3955 autem
815 3908 835 3953 e
862 3900 991 3953 centro
1017 3880 1208 3954 inchoanti
1232 3854 1323 3955 mors¹
1347 3883 1472 3954 nescio
1498 3880 1591 3977 qnid
1616 3882 1803 3952 incertum
1824 3904 1864 3952 se
1885 3878 1952 3953 ob·
2055 3890 2060 3901 “

316 4018 428 4110 iecit,
454 4043 547 4088 num
572 4036 699 4091 centro
726 4018 806 4113 ipso
830 4014 1018 4113 descripto
1043 3990 1250 4114 superiora,
1275 4013 1465 4104 inferiora,
1481 4039 1543 4088 -an
1574 4017 1688 4087 latera
1715 4036 1842 4087 versus
1867 4036 1953 4110 pro-
2044 4026 2048 4035 ’

330 4149 579 4247 gradiendum
605 4167 710 4223 esset.
762 4157 842 4245 Qua
866 4153 1011 4224 ratione
1038 4152 1173 4250 partim
1200 4149 1342 4237 ductus,
1370 4151 1516 4247 partim,
1541 4175 1589 4222 ne
1613 4171 1796 4222 novarum
1820 4168 1953 4225 rerum

330 4283 505 4382 cupidior
530 4307 756 4380 apparerem,
782 4282 952 4359 ordinem
977 4289 1100 4360 ubivis
1126 4303 1336 4380 receptum,
1361 4311 1382 4356 s
1406 4286 1526 4382 capite
1552 4284 1744 4383 incipiens,
1769 4283 1926 4358 servavi·

481 4419 725 4517 Gangliorum
746 4420 954 4510 systematis
973 4424 1174 4521 vegetativi
1192 4420 1363 4494 omnium
1382 4444 1598 4517 supremum
1618 4439 1719 4493 certo
1746 4418 1950 4516 ganglio·
1999 4472 2003 4477 -

329 4560 427 4630 lum
454 4555 554 4631 illud
579 4554 837 4630 caroticum
863 4574 935 4649 est,
967 4556 1070 4654 quod
1096 4558 1153 4637 Cl.
1177 4561 1283 4634 Bocrr
1306 4580 1427 4652 nuper
1451 4554 1593 4645 deterit
1616 4569 1655 4633 et
1679 4552 1872 4651 descripsit
1902 4546 1949 4649 Ἴ.

329 4706 533 4726 *ιιι-ιι..-

402 4772 672 4861 anmm

1343 4880 1384 4953 N
