4590 5858
899 1304 1164 1451 Caput
1235 1304 1350 1419 IV.

641 1540 743 1629 De
812 1539 1335 1660 gangliorum
1411 1569 1570 1637 usu.

1035 1761 1235 1780 m

982 1976 993 1986 -
1034 1939 1071 2032 5.
1126 1948 1232 2015 xcv,

482 2075 667 2168 Quoniam
692 2099 713 2146 e
733 2076 949 2150 multifariis
974 2075 1022 2148 de
1049 2077 1285 2181 gangiiorum
1305 2099 1378 2147 usu
1396 2075 1600 2161 sententiis,
1621 2096 1711 2168 quas
1736 2090 1847 2168 caput
1869 2075 1945 2170 pri·

280 2293 283 2298 ¹
329 2233 437 2279 mum
461 2224 637 2293 recenset,
663 2209 803 2305 eligere
828 2231 866 2283 et
890 2212 1076 2310 digerere,
1103 2209 1195 2302 quid
1219 2210 1301 2281 veri
1325 2207 1371 2279 iis
1396 2209 1503 2292 insit,
1534 2209 1725 2294 constitui,
1766 2241 1819 2260 -
1856 2230 1946 2301 prae

331 2343 485 2414 coeteris
511 2344 757 2415 necessarium
782 2344 933 2431 credidi,
958 2347 1093 2431 omnia,
1119 2367 1213 2439 quee
1239 2368 1259 2415 a
1283 2366 1344 2412 me
1370 2340 1588 2431 objicienda,
1613 2339 1788 2428 addenda,
1809 2337 1956 2411 confir··

330 2474 465 2546 mande
488 2493 615 2564 erunt,
640 2500 787 2572 semper
816 2477 913 2570 justo
945 2477 1134 2571 firmoque
1165 2476 1406 2548 fundamento
1439 2468 1662 2547 anatomico'
1678 2493 1948 2572 superstruere,

332 2606 383 2694 id,
407 2607 510 2702 quod
536 2609 689 2681 omnino
716 2612 756 2680 in
781 2612 890 2683 rebus
916 2610 1180 2707 physiologicis
1204 2609 1308 2682 haud
1332 2634 1432 2696 raro,
1458 2609 1674 2702 etquidem
1700 2612 1861 2680 maxime
1883 2607 1949 2681 do:

257 2750 262 2763 “
333 2742 452 2811 ctrina
478 2738 523 2809 de
549 2742 785 2837 gengliorum
813 2742 999 2815 functione
1024 2746 1237 2840 neglectum
1263 2743 1484 2816 invenimus.
1536 2748 1657 2838 Quem
1682 2744 1722 2813 in
1746 2767 1856 2814 usum
1877 2742 1949 2812 im·

265 2907 268 2915 ν
333 2872 465 2966 primis
488 2873 693 2945 secundnm
719 2891 756 2944 et
780 2877 935 2949 tertium
955 2897 1070 2974 ceput
1094 2878 1148 2947 ite
1174 2875 1382 2969 conscripsi,
1406 2893 1450 2945 ut
1475 2875 1522 2946 ad
1545 2876 1865 2972 comprobandum
1890 2900 1950 2966 sy·

334 3024 449 3078 stema
474 3008 776 3103 physiologicum
802 3008 914 3101 hujus
939 3014 994 3082 rei
1019 3014 1181 3084 rationes
1207 3008 1357 3080 idoneas
1376 3035 1559 3104 promere,
1580 3027 1761 3105 quantum
1785 3035 1854 3105 pro
1873 3009 1952 3102 ejus

334 3159 464 3211 natura
491 3140 577 3211 fieri
603 3143 729 3233 possit,
755 3139 863 3214 facite
888 3146 945 3215 sit.
1023 3152 1105 3239 Quo
1136 3166 1230 3211 vero
1261 3142 1501 3234 proponenda
1526 3138 1666 3231 justum
1693 3142 1866 3213 ordinem
1898 3166 1954 3212 se·

335 3289 512 3362 quantur,
551 3275 693 3361 primo,
733 3293 831 3358 quoe
862 3272 1064 3340 refutandis
1090 3270 1329 3363 opinionibus
1355 3271 1563 3359 objicienda
1589 3290 1701 3364 puto,
1739 3275 1952 3368 proferam

335 3396 472 3471 deinde
498 3419 642 3485 eutem,
667 3421 762 3494 quse
787 3398 834 3470 ed
858 3399 1081 3477 firmandam
1105 3419 1246 3474 rectem
1278 3399 1335 3491 (ut
1358 3402 1527 3487 videtur)
1562 3407 1784 3476 sententiam
1809 3403 1954 3480 edendo

337 3553 435 3624 eunt,
460 3534 668 3630 adjungam.
912 3560 919 3569 ·
1963 3572 1984 3607 ο

489 3670 638 3740 Primus
657 3669 840 3758 omnium,
859 3671 926 3766 qni
944 3673 1092 3770 ganglia
1111 3673 1245 3762 adesse,
1265 3672 1435 3746 distincte
1453 3673 1609 3769 scripsit,
1630 3677 1823 3761 thnrtus,
1842 3675 1958 3747 simul

337 3805 464 3892 etiam,
489 3801 581 3874 licet
605 3805 730 3875 minus
756 3823 895 3899 aperte,
919 3807 964 3877 eb
991 3806 1037 3877 iis
1062 3811 1186 3881 nervis
1211 3809 1330 3883 robur
1353 3806 1567 3893 ministrari,
1587 3804 1753 3879 declaret
1770 3806 1831 3896 (cf.
1847 3805 1882 3896 §.
1898 3805 1957 3896 1.).

339 3974 391 3996 ·-·
415 3937 582 4010 Eandem
605 3941 827 4011 sententiam
852 3957 977 4033 postea
1002 3946 1198 4019 Rrortuus
1224 3908 1284 4016 fit.
1308 3937 1430 4014 verbis
1451 3940 1664 4011 distinctius
1687 3941 1863 4034 exprimit
1890 3938 1958 4027 (οἷ.

339 4073 480 4167 §.11t.).
506 4110 560 4130 ·-
608 4080 780 4148 Attamen
804 4079 952 4144 Winsts
979 4075 1121 4171 primus
1152 4101 1285 4147 eorum
1317 4100 1392 4146 esse
1424 4074 1594 4160 videtur,
1627 4072 1693 4167 qui
1724 4075 1960 4169 perspicuam

340 4209 389 4284 de
413 4214 650 4310 gangiiorum
675 4235 747 4283 usu
767 4210 986 4282 sententiam
1012 4211 1264 4283 exhibuerunt
1289 4205 1354 4299 (cf.
1370 4207 1504 4295 ΜΨ).
1552 4209 1629 4282 Hic
1642 4227 1776 4297 cutem,
1787 4233 1874 4279 cum
1888 4208 1961 4302 spi·

341 4349 435 4424 ritus
462 4347 649 4436 mritueles,
675 4350 752 4419 imo
778 4370 928 4420 succum
953 4344 1140 4440 quendam
1171 4367 1373 4416 nervorum
1405 4343 1538 4415 itinera
1571 4342 1717 4416 diversa
1746 4343 1963 4431 instituere,

339 4484 491 4591 ganglia
518 4499 645 4554 nutem
671 4485 810 4555 horum
835 4483 1032 4579 spirituum
1059 4498 1100 4552 et
1124 4502 1320 4552 succorum
1336 4476 1561 4551 diverticula
1578 4502 1666 4565 esse,
1684 4475 1966 4562 contendam-

341 4651 418 4704 noe
445 4639 510 4710 est,
537 4617 639 4717 quod
666 4616 781 4692 fusius
805 4617 1012 4706 refelletur,
1039 4616 1222 4715 siquidem
1247 4612 1483 4711 physiologia
1513 4611 1694 4683 hodierne
1709 4610 1843 4706 'magis
1875 4608 1965 4679 illu·

340 4784 462 4855 strete,
489 4758 576 4837 telis
602 4778 799 4831 succorum
824 4754 957 4827 itinere
981 4754 1022 4826 in
1048 4754 1171 4828 nervis
1198 4752 1325 4824 locum
1350 4745 1489 4820 hebere
1514 4769 1591 4817 non
1615 4768 1736 4841 posse,
1773 4745 1858 4817 satis
1888 4739 1966 4833 inm
