4590 5858
508 749 689 809 contentus
716 754 794 809 ero,
821 726 977 798 ulteriori
1002 727 1107 831 hojuc
1139 725 1259 831 organi
1287 726 1543 820 investigationi
1574 748 1676 822 atque
1704 736 1929 807 delineationi
1960 745 2135 816 leviorem

507 829 602 895 viam
625 822 816 908 aperuisse,¹
830 820 1001 898 simulque
1015 838 1087 898 eJus
1105 820 1248 900 vestigra
1268 820 1446 886 indicasse.
1467 824 1616 889 Naturae
1637 840 1750 892 autem
1771 829 1914 892 omnino
1936 835 2135 912 convenire,

506 914 579 998 jam
601 935 644 975 ex
663 905 817 989 imaginis
840 906 943 983 (quae
967 903 1118 984 videtur)
1140 905 1356 984 confusione,
1383 924 1416 973 et
1439 908 1576 972 filorum
1594 911 1901 980 minutissimorum
1922 916 2009 982 mira
2026 919 2136 1005 impli-

510 999 657 1073 catione,
680 997 891 1071 aliquatenus
913 989 1050 1070 patebit.

591 1107 621 1148 a.
663 1081 802 1141 Nervus
826 1075 1064 1155 splanchnicus
1088 1075 1196 1158 major
1217 1073 1325 1138 dextri
1347 1073 1471 1141 lateris·

590 1156 625 1232 b.
668 1164 789 1226 Tuber
809 1159 916 1240 ipsius
940 1159 1076 1242 ganglii,
1101 1180 1144 1222 ex
1167 1180 1236 1240 quo
1263 1163 1453 1243 egrediture

591 1274 622 1316 c.
671 1249 779 1311 Trabs
801 1245 869 1318 illa,
891 1247 1115 1326 posteriorem
1137 1265 1213 1305 cum
1237 1247 1350 1311 media
1371 1261 1465 1330 parte
1488 1262 1705 1313 connectens.

594 1340 629 1401 d.
671 1336 800 1397 Ramus
823 1331 865 1392 ad
887 1333 1029 1412 plexum
1052 1332 1212 1392 renalem.

595 1446 628 1489 ρ,
712 1451 757 1468 -
818 1447 862 1465 -
941 1449 984 1464 -
1048 1415 1308 1478 mesentericum
1332 1416 1542 1500 superiorem
1564 1431 1598 1481 et
1619 1416 1782 1483 renalem.

595 1510 621 1573 f,
712 1534 755 1552 -
816 1532 861 1550 -
941 1533 983 1548 -
1048 1501 1313 1564 mesentcricum
1334 1506 1546 1586 superiorem
1567 1518 1600 1564 et
1621 1504 1825 1584 hepaticum.

595 1617 629 1682 g.
651 1609 684 1674 g.
726 1590 844 1651 Partes
872 1585 1000 1685 ganglii
1026 1588 1067 1648 ad
1096 1589 1216 1668 plexus
1245 1587 1437 1671 hepaticus,
1470 1602 1504 1652 et
1532 1588 1717 1651 ventriculi
1745 1590 1897 1653 sinistros
1924 1584 2133 1662 formandos,

728 1673 964 1818 conjunctrogri
986 1694 1063 1734 cum
1090 1693 1200 1735 nervo
1235 1673 1400 1755 phrenico
1431 1689 1465 1738 et
1489 1693 1588 1755 vago,
1617 1675 1760 1738 edendis
1789 1675 1906 1739 nervis
1937 1693 2133 1756 suprareuz·

727 1761 818 1821 libus
839 1773 899 1818 etc.
947 1772 1029 1821 atae.

596 1846 634 1914 h.
675 1846 842 1907 Romulus
863 1844 922 1904 itte
945 1844 1042 1905 nervi
1062 1836 1282 1923 splanchnici,
1306 1841 1364 1923 qui
1386 1845 1493 1905 multa
1515 1842 1663 1907 adhibita
1685 1866 1783 1919 cura,
1807 1843 1929 1904 unicus
1950 1843 2040 1916 fere,
2064 1838 2136 1903 tali·

678 1930 784 1992 modo
814 1927 850 1989 in
877 1943 1095 2009 conspectum
1124 1926 1265 2008 prodiit,
1295 1943 1330 1989 ut
1358 1927 1431 2007 ejus
1460 1927 1751 1992 continuationem
1773 1930 1815 1989 ad
1835 1931 1935 1991 tuber
1960 1928 2047 1989 illud
2069 1926 2135 2004 (b),

678 2015 779 2076 simul
803 2027 835 2074 et
856 2033 919 2110 per
940 2012 1093 2075 medium
1113 2011 1276 2095 ganglion
1298 2013 1340 2073 ad
1363 2013 1547 2076 anteriores
1576 2015 1649 2096 ejus
1679 2031 1787 2096 partes
1810 2013 2004 2095 ingressum
2026 2012 2134 2093 adspi-

678 2119 756 2163 cere
803 2117 898 2159 ossis.

599 2184 624 2248 i.
688 2120 822 2251 Surcdli
834 2182 1038 2249 medullam
1054 2178 1247 2259 albicantes,
1269 2178 1382 2244 minus
1401 2181 1559 2263 distincti,
1578 2205 1597 2251 e
1613 2181 1744 2268 postica
1763 2178 1986 2270 gangliifacie
2002 2181 2134 2247 emersi.

522 4438 2137 4471 --—------—-——-—----—---—--—--

1169 4491 1485 4576 BeroIini

942 4632 1017 4706 typis
1040 4637 1169 4688 Viduoe
1189 4635 1237 4693 Ιο.
1256 4635 1357 4693 Gon.
1374 4634 1549 4688 Senium·
1563 4646 1596 4687 et
1610 4652 1723 4691 ιιιιι.

529 4728 2136 4763 W—-W
